@inproceedings{VDDPJ11,
 author = {Van Acker, Steven and De Ryck, Philippe and Desmet, Lieven and Piessens, Frank and Joosen, Wouter},
 title = {WebJail: Least-privilege Integration of Third-party Components in Web Mashups},
 booktitle = {Proceedings of the 27th Annual Computer Security Applications Conference},
 series = {ACSAC '11},
 year = {2011},
 isbn = {978-1-4503-0672-0},
 location = {Orlando, Florida},
 pages = {307--316},
 numpages = {10},
 publisher = {ACM},
 address = {New York, NY, USA},
} 

@inproceedings{AVBPDP12,
 author = {Agten, Pieter and Van Acker, Steven and Brondsema, Yoran and Phung, Phu H. and Desmet, Lieven and Piessens, Frank},
 title = {JSand: Complete Client-side Sandboxing of Third-party JavaScript Without Browser Modifications},
 booktitle = {Proceedings of the 28th Annual Computer Security Applications Conference},
 series = {ACSAC '12},
 year = {2012},
 isbn = {978-1-4503-1312-4},
 location = {Orlando, Florida},
 pages = {1--10},
 numpages = {10},
 acmid = {2420952},
 publisher = {ACM},
 address = {New York, NY, USA},
 keywords = {sandbox, script inclusion, security architecture, web application security, web mashups},
} 

@article{A00,
 author = {Axelsson, Stefan},
 title = {The Base-rate Fallacy and the Difficulty of Intrusion Detection},
 journal = {ACM Trans. Inf. Syst. Secur.},
 issue_date = {Aug. 2000},
 volume = {3},
 number = {3},
 month = aug,
 year = {2000},
 issn = {1094-9224},
 pages = {186--205},
 numpages = {20},
 url = {http://doi.acm.org/10.1145/357830.357849},
 doi = {10.1145/357830.357849},
 acmid = {357849},
 publisher = {ACM},
 address = {New York, NY, USA},
 keywords = {base-rate fallacy, detection rate, false alarm rate, intrusion detection},
} 

@article{I05,
  title={Why most published research findings are false},
  author={Ioannidis, John {\sc pa}},
  journal={PLoS medicine},
  volume={2},
  number={8},
  pages={e124},
  year={2005},
  publisher={Public Library of Science},
}


@inproceedings{SG07,
 author = {Sivakumar, K. and Garg, K.},
 title = {Constructing a "Common cross site scripting vulnerabilities enumeration ({\sc cxe})" using {\sc cwe} and {\sc cve}},
 booktitle = {Proceedings of the 3rd international conference on Information systems security},
 series = {ICISS'07},
 year = {2007},
 isbn = {3-540-77085-2, 978-3-540-77085-5},
 location = {Delhi, India},
 pages = {277--291},
 numpages = {15},
 acmid = {1779309},
 publisher = {Springer-Verlag},
 address = {Berlin, Heidelberg},
}

@inproceedings{LZRL09,
 author = {Lin, Xiaoli and Zavarsky, Pavol and Ruhl, Ron and Lindskog, Dale},
 title = {Threat Modeling for {\sc csrf} Attacks},
 booktitle = {Proceedings of the 2009 International Conference on Computational Science and Engineering - Volume 03},
 series = {CSE '09},
 year = {2009},
 isbn = {978-0-7695-3823-5},
 pages = {486--491},
 numpages = {6},
 publisher = {IEEE Computer Society},
 address = {Washington, DC, USA},
 keywords = {OWASP, Cross-Site Request Forgery, threat model, attack tree},
} 

@INPROCEEDINGS{HVO06,
	author = {William G.J. Halfond and Jeremy Viegas and Alessandro Orso},
	title = {A Classification of {SQL}-Injection Attacks and Countermeasures},
	booktitle = {Proceedings of the International Symposium on Secure Software Engineering},
	year = {2006},
	month = mar,
	Where="pub/lib"
}



@book{CD10,
  title={MongoDB: The Definitive Guide},
  author={Chodorow, K. and Dirolf, M.},
  isbn={9781449396985},
  series={O'Reilly Series},
  year={2010},
  publisher={O'Reilly Media}
}


@inproceedings{SMS13,
 author = {Son, Sooel and McKinley, Kathryn S. and Shmatikov, Vitaly},
 title = {Diglossia: detecting code injection attacks with precision and efficiency},
 booktitle = {Proceedings of the 2013 ACM SIGSAC conference on Computer \&\#38; communications security},
 series = {CCS '13},
 year = {2013},
 isbn = {978-1-4503-2477-9},
 location = {Berlin, Germany},
 pages = {1181--1192},
 numpages = {12},
 publisher = {ACM},
 address = {New York, NY, USA},
 keywords = {code injection, dynamic analysis, nosql injection, sql injection, taint tracking, web application security},
}

@inproceedings{ABEL05,
 author = {Abadi, Mart\'{\i}n and Budiu, Mihai and Erlingsson, \'{U}lfar and Ligatti, Jay},
 title = {Control-flow Integrity},
 booktitle = {Proceedings of the 12th ACM Conference on Computer and Communications Security},
 series = {CCS '05},
 year = {2005},
 isbn = {1-59593-226-7},
 location = {Alexandria, VA, USA},
 pages = {340--353},
 numpages = {14},
 publisher = {ACM},
 address = {New York, NY, USA},
 keywords = {binary rewriting, control-flow graph, inlined reference monitors, vulnerabilities},
} 

@inproceedings{KBA02,
 author = {Kiriansky, Vladimir and Bruening, Derek and Amarasinghe, Saman P.},
 title = {Secure Execution via Program Shepherding},
 booktitle = {Proceedings of the 11th USENIX Security Symposium},
 year = {2002},
 isbn = {1-931971-00-5},
 pages = {191--206},
 numpages = {16},
 publisher = {USENIX Association},
 address = {Berkeley, CA, USA},
}


@book{DKZ12,
 author = {Das, Sajal K. and Kant, Krishna and Zhang, Nan},
 title = {Handbook on Securing Cyber-Physical Critical Infrastructure},
 year = {2012},
 isbn = {0124158153, 9780124158153},
 edition = {1st},
 publisher = {Morgan Kaufmann Publishers Inc.},
 address = {San Francisco, CA, USA},
} 

@article{PB04,
 author = {Pincus, Jonathan and Baker, Brandon},
 title = {Beyond Stack Smashing: Recent Advances in Exploiting Buffer Overruns},
 journal = {IEEE Security and Privacy},
 issue_date = {July 2004},
 volume = {2},
 number = {4},
 month = jul,
 year = {2004},
 issn = {1540-7993},
 pages = {20--27},
 numpages = {8},
 publisher = {IEEE Educational Activities Department},
 address = {Piscataway, NJ, USA},
 keywords = {65, arc injection, attacking systems, buffer overruns, heap smashing, pointer subterfuge, stack smashing, stack smashing, buffer overruns, attacking systems, arc injection, pointer subterfuge, heap smashing},
} 

@inproceedings{PS01,
 author = {Prevelakis, Vassilis and Spinellis, Diomidis},
 title = {Sandboxing Applications},
 booktitle = {Proceedings of the FREENIX Track: 2001 USENIX Annual Technical Conference},
 year = {2001},
 isbn = {1-880446-10-3},
 pages = {119--126},
 numpages = {8},
 publisher = {USENIX Association},
 address = {Berkeley, CA, USA},
} 

@inproceedings{DDNP12,
 author = {De Groef, Willem and Devriese, Dominique and Nikiforakis, Nick and Piessens, Frank},
 title = {FlowFox: a web browser with flexible and precise information flow control},
 booktitle = {Proceedings of the 2012 ACM conference on Computer and communications security},
 series = {CCS '12},
 year = {2012},
 isbn = {978-1-4503-1651-4},
 location = {Raleigh, North Carolina, USA},
 pages = {748--759},
 numpages = {12},
 publisher = {ACM},
 address = {New York, NY, USA},
 keywords = {information flow, web browser architecture, web security},
} 

@article{SB11,
 author = {Saiedian, Hossein and Broyle, Dan},
 title = {Security Vulnerabilities in the Same-Origin Policy: Implications and Alternatives},
 journal = {Computer},
 issue_date = {September 2011},
 volume = {44},
 number = {9},
 month = sep,
 year = {2011},
 issn = {0018-9162},
 pages = {29--36},
 numpages = {8},
 publisher = {IEEE Computer Society Press},
 address = {Los Alamitos, CA, USA},
 keywords = {Security, Web browsers, Web applications, Same-origin policy (SOP), Cross-site request forgery (CSRF), Cross-site scripting (XSS)},
}

@article{JZE03,
 author = {Jaeger, Trent and Zhang, Xiaolan and Edwards, Antony},
 title = {Policy Management Using Access Control Spaces},
 journal = {ACM Trans. Inf. Syst. Secur.},
 issue_date = {August 2003},
 volume = {6},
 number = {3},
 month = aug,
 year = {2003},
 issn = {1094-9224},
 pages = {327--364},
 numpages = {38},
 publisher = {ACM},
 address = {New York, NY, USA},
 keywords = {Access control models, authorization mechanisms, role-based access control},
}

@article{HRSJM10,
 author = {Hicks, Boniface and Rueda, Sandra and St.Clair, Luke and Jaeger, Trent and McDaniel, Patrick},
 title = {A Logical Specification and Analysis for SELinux MLS Policy},
 journal = {ACM Trans. Inf. Syst. Secur.},
 issue_date = {July 2010},
 volume = {13},
 number = {3},
 month = jul,
 year = {2010},
 issn = {1094-9224},
 pages = {26:1--26:31},
 articleno = {26},
 numpages = {31},
 publisher = {ACM},
 address = {New York, NY, USA},
 keywords = {SELinux, multilevel security, policy analysis, policy compliance},
} 

@techreport{A05,
 author = {Anderson, Anne},
 title = {A Comparison of Two Privacy Policy Languages: EPAL and XACML},
 year = {2005},
 source = {SMLI TR-2005-147},
 publisher = {Sun Microsystems, Inc.},
 address = {Mountain View, CA, USA},
}

@book{W00,
 author = {Winsor, Janice},
 title = {Solaris System Administrator's Guide},
 year = {2000},
 isbn = {0130277029},
 edition = {3rd},
 publisher = {Prentice Hall PTR},
 address = {Upper Saddle River, NJ, USA},
} 

@inproceedings{NW92,
 author = {Null, Linda M. and Wong, Johnny},
 title = {The DIAMOND Security Policy for Object-oriented Databases},
 booktitle = {Proceedings of the 1992 ACM Annual Conference on Communications},
 series = {CSC '92},
 year = {1992},
 isbn = {0-89791-472-4},
 location = {Kansas City, Missouri, USA},
 pages = {49--56},
 numpages = {8},
 publisher = {ACM},
 address = {New York, NY, USA},
} 

@techreport{S98,
 author = {Son, Sang H. and Chaney, Craig and Thomlinson, Norris P.},
 title = {Partial Security Policies to Support Timeliness in Secure Real-Time Databases},
 year = {1998},
 publisher = {University of Virginia},
 address = {Charlottesville, VA, USA},
}

@inproceedings{C10,
 author = {Chlipala, Adam},
 title = {Static Checking of Dynamically-varying Security Policies in Database-backed Applications},
 booktitle = {Proceedings of the 9th USENIX Conference on Operating Systems Design and Implementation},
 series = {OSDI'10},
 year = {2010},
 location = {Vancouver, BC, Canada},
 pages = {1--},
 publisher = {USENIX Association},
 address = {Berkeley, CA, USA},
}

@article{TF95,
 author = {Thuraisingham, Bhavani and Ford, William},
 title = {Security Constraint Processing in a Multilevel Secure Distributed Database Management System},
 journal = {IEEE Trans. on Knowl. and Data Eng.},
 issue_date = {April 1995},
 volume = {7},
 number = {2},
 month = apr,
 year = {1995},
 issn = {1041-4347},
 pages = {274--293},
 numpages = {20},
 publisher = {IEEE Educational Activities Department},
 address = {Piscataway, NJ, USA},
 keywords = {Multilevel secure distributed database management system, security constraints, inference problem, security policy, distributed query processing, distributed update processing, multilevel distributed database design.},
} 


@article{ZLL04,
 author = {Zitser, Misha and Lippmann, Richard and Leek, Tim},
 title = {Testing Static Analysis Tools Using Exploitable Buffer Overflows from Open Source Code},
 journal = {SIGSOFT Softw. Eng. Notes},
 issue_date = {November 2004},
 volume = {29},
 number = {6},
 month = oct,
 year = {2004},
 issn = {0163-5948},
 pages = {97--106},
 numpages = {10},
 publisher = {ACM},
 address = {New York, NY, USA},
 keywords = {buffer overflow, evaluation, exploit, false alarm, security, source code, static analysis, test detection},
}

@inproceedings{SEP05,
 author = {Sovarel, Ana Nora and Evans, David and Paul, Nathanael},
 title = {Where's the FEEB? The Effectiveness of Instruction Set Randomization},
 booktitle = {Proceedings of the 14th Conference on USENIX Security Symposium - Volume 14},
 series = {SSYM'05},
 year = {2005},
 location = {Baltimore, MD},
 pages = {10--10},
 numpages = {1},
 publisher = {USENIX Association},
 address = {Berkeley, CA, USA},
} 

@inproceedings{V04,
  author = {Von Oheimb, David},
  booktitle = {ESORICS},
  editor = {Samarati, Pierangela and Ryan, Peter Y. A. and Gollmann, Dieter and Molva, Refik},
  isbn = {3-540-22987-6},
  pages = {225-243},
  publisher = {Springer},
  series = {Lecture Notes in Computer Science},
  title = {Information Flow Control Revisited: Noninfluence = Noninterference + Nonleakage.},
  volume = 3193,
  year = 2004
}

@inproceedings{LL05,
 author = {Livshits, V. Benjamin and Lam, Monica S.},
 title = {Finding Security Vulnerabilities in Java Applications with Static Analysis},
 booktitle = {Proceedings of the 14th Conference on USENIX Security Symposium - Volume 14},
 series = {SSYM'05},
 year = {2005},
 location = {Baltimore, MD},
 pages = {18--18},
 numpages = {1},
 publisher = {USENIX Association},
 address = {Berkeley, CA, USA},
} 

@article{MSM13,
 author = {Mattos, Thiago and Santin, Altair and Malucelli, Andreia},
 title = {Mitigating XML Injection 0-Day Attacks Through Strategy-Based Detection Systems},
 journal = {IEEE Security and Privacy},
 issue_date = {July 2013},
 volume = {11},
 number = {4},
 month = jul,
 year = {2013},
 issn = {1540-7993},
 pages = {46--53},
 numpages = {8},
 publisher = {IEEE Educational Activities Department},
 address = {Piscataway, NJ, USA},
} 


@inproceedings{BWS05,
 author = {Buehrer, Gregory and Weide, Bruce W. and Sivilotti, Paolo A. G.},
 title = {Using Parse Tree Validation to Prevent SQL Injection Attacks},
 booktitle = {Proceedings of the 5th International Workshop on Software Engineering and Middleware},
 series = {SEM '05},
 year = {2005},
 isbn = {1-59593-205-4},
 location = {Lisbon, Portugal},
 pages = {106--113},
 numpages = {8},
 publisher = {ACM},
 address = {New York, NY, USA},
} 

% Chapter 1.

@article{MFEP10,
 author = {Mellado, Daniel and Fern\'{a}ndez-Medina, Eduardo and Piattini, Mario},
 title = {Security Requirements Engineering Framework for Software Product Lines},
 journal = {Inf. Softw. Technol.},
 issue_date = {October, 2010},
 volume = {52},
 number = {10},
 month = oct,
 year = {2010},
 issn = {0950-5849},
 pages = {1094--1117},
 numpages = {24},
 publisher = {Butterworth-Heinemann},
 address = {Newton, MA, USA},
 keywords = {ISO 27001, Product lines, Requirements engineering, Security requirement, Security requirements engineering, Security software engineering},
} 

@inproceedings{RZRB09,
 author = {Romero-Mariona, Jose and Ziv, Hadar and Richardson, Debra J. and Bystritsky, Dennis},
 title = {Towards Usable Cyber Security Requirements},
 booktitle = {Proceedings of the 5th Annual Workshop on Cyber Security and Information Intelligence Research: Cyber Security and Information Intelligence Challenges and Strategies},
 series = {CSIIRW '09},
 year = {2009},
 isbn = {978-1-60558-518-5},
 location = {Oak Ridge, Tennessee},
 pages = {64:1--64:4},
 articleno = {64},
 numpages = {4},
 publisher = {ACM},
 address = {New York, NY, USA},
 keywords = {cyber security, later stages support, requirements, security, security requirements based testing, testing, usable},
}

@article{OWG8,
 author = {Oliveira, Bruno C.d.S. and Wang, Meng and Gibbons, Jeremy},
 title = {The Visitor Pattern As a Reusable, Generic, Type-safe Component},
 journal = {SIGPLAN Not.},
 issue_date = {September 2008},
 volume = {43},
 number = {10},
 month = oct,
 year = {2008},
 issn = {0362-1340},
 pages = {439--456},
 numpages = {18},
 publisher = {ACM},
 address = {New York, NY, USA},
 keywords = {algebraic datatypes, design patterns, program extensibility, software components, traversal, visitor pattern},
} 

@book{A01,
 author = {Anderson, Ross J.},
 title = {Security Engineering: A Guide to Building Dependable Distributed Systems},
 year = {2001},
 isbn = {0471389226},
 edition = {1st},
 publisher = {John Wiley \& Sons, Inc.},
 address = {New York, NY, USA},
}

@article{THGR07,
  author =   {Marianthi Theoharidou and Dimitris Gritzalis},
  title =  {Common Body of Knowledge for Information Security},
  journal =  {IEEE Security {\&} Privacy},
  volume =   5,
  number =   2,
  year =   2007,
  pages =  {64-67},
}

@article{S06,
 author = {Robert Seacord},
 title = {Secure Coding in {C} and {C}++: Of Strings and Integers},
 journal = {IEEE Security and Privacy},
 volume = {4},
 number = {1},
 year = {2006},
 issn = {1540-7993},
 pages = {74},
 publisher = {IEEE Educational Activities Department},
 address = {Piscataway, NJ, USA},
 }

@article{LC03,
  author =   {Kyung-Suk Lhee and Steve J. Chapin},
  title =  {Buffer overflow and format string overflow
                  vulnerabilities},
  journal =  {Software: Practice and Experience},
  volume =   33,
  number =   5,
  year =   2003,
  issn =   {0038-0644},
  pages =  {423--460},
  publisher =  {John Wiley \& Sons, Inc.},
  address =  {New York, NY, USA},
}

@incollection{K11,
  author    = {Angelos D. Keromytis},
  title     = {Buffer Overflow Attacks},
  booktitle = {Encyclopedia of Cryptography and Security (2nd Ed.)},
  year      = {2011},
  pages     = {174-177},
}

@book{AS96,
 author = {Abelson, Harold and Sussman, Gerald J.},
 title = {Structure and Interpretation of Computer Programs},
 year = {1996},
 isbn = {0262011530},
 edition = {2nd},
 publisher = {MIT Press},
 address = {Cambridge, MA, USA},
}

@Article{BLSPS11,
  author =       "Sergey Bratus and Michael E. Locasto and Len Sassaman
                 Meredith L. Patterson and Anna Shubina",
  title =        "Exploit Programming: From Buffer Overflows to {``Weird
                 Machines"} and Theory of Computation",
  journal =      j-LOGIN,
  volume =       "36",
  number =       "6",
  pages =        "13--21",
  month =        dec,
  year =         "2011",
  CODEN =        "LOGNEM",
  ISSN =         "1044-6397",
  ISSN-L =       "1044-6397",
  URL =          "https://www.usenix.org/publications/login/december-2011-volume-36-number-6/exploit-programming-buffer-overflows-weird",
  fjournal =     ";login: the USENIX Association newsletter",
}

@inproceedings{RL12b,
 author = {Donald Ray and Jay Ligatti},
 title = {Defining code-injection attacks},
 booktitle = {Proceedings of the 39th annual ACM SIGPLAN-SIGACT symposium on Principles of programming languages},
 series = {POPL '12},
 year = {2012},
 isbn = {978-1-4503-1083-3},
 location = {Philadelphia, PA, USA},
 pages = {179--190},
 numpages = {12},
 publisher = {ACM},
 address = {New York, NY, USA},
 keywords = {language-based security, web-application security},
}

@inproceedings{FC08,
 author = {Francillon, Aur\'{e}lien and Castelluccia, Claude},
 title = {Code injection attacks on harvard-architecture devices},
 booktitle = {CCS '08: Proceedings of the 15th ACM conference on Computer and communications security},
 year = {2008},
 isbn = {978-1-59593-810-7},
 pages = {15--26},
 location = {Alexandria, Virginia, USA},
 publisher = {ACM},
 address = {New York, NY, USA},
 }

 @InProceedings{SW06,
  author =   {Zhendong Su and Gary Wassermann},
  title =  "The Essence of Command Injection Attacks in Web
                  Applications",
  booktitle =  "Conference Record of the 33rd ACM SIGPLAN-SIGACT
                  Symposium on Principles of Programming Languages
                  POPL '06",
  location =   "Charleston, South Carolina, USA",
  publisher =  "ACM Press",
  pages =  "372-382",
  month =  jan,
  year =   2006,
  where =  "pub/lib"
}

@misc{CERT02,
  title="{CERT} Vulnerability Note {VU282403}",
  author="CERT",
  year="2002",
  HowPublished="Online \url{http://www.kb.cert.org/vuls/id/282403}",
  note="Accessed, January 7th, 2007"
}

@inproceedings{SFVM09,
 author = {Seixas, Nuno and Fonseca, Jos\'{e} and Vieira, Marco and Madeira, Henrique},
 title = {Looking at Web Security Vulnerabilities from the Programming Language Perspective: A Field Study},
 booktitle = {ISSRE '09: Proceedings of the 2009 20th International Symposium on Software Reliability Engineering},
 year = {2009},
 isbn = {978-0-7695-3878-5},
 pages = {129--135},
 publisher = {IEEE Computer Society},
 address = {Washington, DC, USA},
 }

@book{CDL07,
 author = {Cannings, Rich and Dwivedi, Himanshu and Lackey, Zane},
 title = {Hacking Exposed Web 2.0: Web 2.0 Security Secrets and Solutions (Hacking Exposed)},
 year = {2007},
 isbn = {0071494618, 9780071494618},
 publisher = {McGraw-Hill Osborne Media},
 }

@article{BK08,
 author = {Benedikt, Michael and Koch, Christoph},
 title = {{XP}ath leashed},
 journal = {ACM Comput. Surv.},
 volume = {41},
 number = {1},
 year = {2008},
 issn = {0360-0300},
 pages = {1--54},
 publisher = {ACM},
 address = {New York, NY, USA},
 }

@inproceedings{KS08,
 author = {Kimelfeld, Benny and Sagiv, Yehoshua},
 title = {Revisiting redundancy and minimization in an {XP}ath fragment},
 booktitle = {EDBT '08: Proceedings of the 11th international conference on Extending database technology},
 year = {2008},
 isbn = {978-1-59593-926-5},
 pages = {61--72},
 location = {Nantes, France},
 publisher = {ACM},
 address = {New York, NY, USA},
 }

@article{BFG05,
 author = {Benedikt, Michael and Fan, Wenfei and Kuper, Gabriel},
 title = {Structural properties of {XP}ath fragments},
 journal = {Theor. Comput. Sci.},
 volume = {336},
 number = {1},
 year = {2005},
 issn = {0304-3975},
 pages = {3--31},
 publisher = {Elsevier Science Publishers Ltd.},
 address = {Essex, UK},
 }

@inproceedings{ELX07,
 author = {Erlingsson, \'{U}lfar and Livshits, Benjamin and Xie, Yinglian},
 title = {End-to-end web application security},
 booktitle = {Proceedings of the 11th USENIX workshop on Hot topics in operating systems},
 year = {2007},
 location = {San Diego, CA},
 pages = {18:1--18:6},
 articleno = {18},
 numpages = {6},
 publisher = {USENIX Association},
 address = {Berkeley, CA, USA},
}

@inproceedings {SLMS14,
author = {Ben Stock and Sebastian Lekies and Tobias Mueller and Patrick Spiegel and Martin Johns},
title = {Precise Client-side Protection against DOM-based Cross-Site Scripting},
booktitle = {23rd USENIX Security Symposium (USENIX Security 14)},
year = {2014},
month = Aug,
isbn = {978-1-931971-15-7},
address = {San Diego, CA},
pages = {655--670},
publisher = {USENIX Association},
}

@inproceedings{ML10,
 author = {Meyerovich, Leo A. and Livshits, Benjamin},
 title = {ConScript: Specifying and Enforcing Fine-Grained Security Policies for JavaScript in the Browser},
 booktitle = {Proceedings of the 2010 IEEE Symposium on Security and Privacy},
 series = {SP '10},
 year = {2010},
 isbn = {978-0-7695-4035-1},
 pages = {481--496},
 numpages = {16},
 url = {http://dx.doi.org/10.1109/SP.2010.36},
 doi = {10.1109/SP.2010.36},
 acmid = {1849992},
 publisher = {IEEE Computer Society},
 address = {Washington, DC, USA},
 keywords = {JavaScript, Web and client-side programming, aspects, browsers, language security, security policies},
} 

@inproceedings{LSJ13,
 author = {Lekies, Sebastian and Stock, Ben and Johns, Martin},
 title = {25 Million Flows Later: Large-scale Detection of DOM-based XSS},
 booktitle = {Proceedings of the 2013 ACM SIGSAC Conference on Computer \&\#38; Communications Security},
 series = {CCS '13},
 year = {2013},
 isbn = {978-1-4503-2477-9},
 location = {Berlin, Germany},
 pages = {1193--1204},
 numpages = {12},
 url = {http://doi.acm.org/10.1145/2508859.2516703},
 doi = {10.1145/2508859.2516703},
 acmid = {2516703},
 publisher = {ACM},
 address = {New York, NY, USA},
 keywords = {dom-based xss, exploit generation, taint tracking, vulnerability detection},
} 

@inproceedings{PB05,
 author = {Pietraszek, Tadeusz and Berghe, Chris Vanden},
 title = {Defending Against Injection Attacks Through Context-sensitive String Evaluation},
 booktitle = {Proceedings of the 8th International Conference on Recent Advances in Intrusion Detection},
 series = {RAID'05},
 year = {2006},
 isbn = {3-540-31778-3, 978-3-540-31778-4},
 location = {Seattle, WA},
 pages = {124--145},
 numpages = {22},
 url = {http://dx.doi.org/10.1007/11663812_7},
 doi = {10.1007/11663812_7},
 acmid = {2146267},
 publisher = {Springer-Verlag},
 address = {Berlin, Heidelberg},
 keywords = {PHP, injection attacks, internal sensors, intrusion prevention, web applications},
} 

@inproceedings{BBB09,
 author = {Bojinov, Hristo and Bursztein, Elie and Boneh, Dan},
 title = {{\sc xcs}: cross channel scripting and its impact on web applications},
 booktitle = {CCS '09: Proceedings of the 16th ACM conference on Computer and communications security},
 year = {2009},
 isbn = {978-1-60558-894-0},
 pages = {420--431},
 location = {Chicago, Illinois, USA},
 publisher = {ACM},
 address = {New York, NY, USA},
 }

@article{W10,
 author = {Wang, Helen},
 title = {Attacks target Web server logic and prey on {\sc xcs} weaknesses: technical persepctive},
 journal = {Commun. ACM},
 volume = {53},
 number = {8},
 year = {2010},
 issn = {0001-0782},
 pages = {104--104},
 publisher = {ACM},
 address = {New York, NY, USA},
 }

@inproceedings{DSG10,
 author = {Dhawan, Mohan and Shan, Chung-chieh and Ganapathy, Vinod},
 title = {The case for {J}ava{S}cript transactions: position paper},
 booktitle = {PLAS '10: Proceedings of the 5th ACM SIGPLAN Workshop on Programming Languages and Analysis for Security},
 year = {2010},
 isbn = {978-1-60558-827-8},
 pages = {1--7},
 location = {Toronto, Canada},
 publisher = {ACM},
 address = {New York, NY, USA},
 }

 @inproceedings{TNH07,
 author = {Jim, Trevor and Swamy, Nikhil and Hicks, Michael},
 title = {Defeating script injection attacks with browser-enforced embedded policies},
 booktitle = {WWW '07: Proceedings of the 16th international conference on World Wide Web},
 year = {2007},
 isbn = {978-1-59593-654-7},
 pages = {601--610},
 location = {Banff, Alberta, Canada},
 publisher = {ACM},
 address = {New York, NY, USA},
 }

@inproceedings{RHBV11,
 author = {Richards, Gregor and Hammer, Christian and Burg, Brian and Vitek, Jan},
 title = {The eval that men do: A large-scale study of the use of eval in javascript applications},
 booktitle = {Proceedings of the 25th European conference on Object-oriented programming},
 series = {ECOOP'11},
 year = {2011},
 isbn = {978-3-642-22654-0},
 location = {Lancaster, UK},
 pages = {52--78},
 numpages = {27},
 publisher = {Springer-Verlag},
 address = {Berlin, Heidelberg},
} 

@inproceedings{TDK11,
 author = {Tang, Shuo and Dautenhahn, Nathan and King, Samuel T.},
 title = {Fortifying web-based applications automatically},
 booktitle = {Proceedings of the 18th ACM conference on Computer and communications security},
 series = {CCS '11},
 year = {2011},
 isbn = {978-1-4503-0948-6},
 location = {Chicago, Illinois, USA},
 pages = {615--626},
 numpages = {12},
 publisher = {ACM},
 address = {New York, NY, USA},
 keywords = {client-side defense, cookies, frame busting, json, web security},
}

@inproceedings{MRMV12,
 author = {Meawad, Fadi and Richards, Gregor and Morandat, Flor{\'e}al and Vitek, Jan},
 title = {Eval begone!: semi-automated removal of eval from javascript programs},
 booktitle = {Proceedings of the ACM international conference on Object oriented programming systems languages and applications},
 series = {OOPSLA '12},
 year = {2012},
 isbn = {978-1-4503-1561-6},
 location = {Tucson, Arizona, USA},
 pages = {607--620},
 numpages = {14},
 publisher = {ACM},
 address = {New York, NY, USA},
}

@inproceedings{BCS09,
 author = {Barth, Adam and Caballero, Juan and Song, Dawn},
 title = {Secure Content Sniffing for Web Browsers, or How to Stop Papers from Reviewing Themselves},
 booktitle = {Proceedings of the 2009 30th IEEE Symposium on Security and Privacy},
 year = {2009},
 isbn = {978-0-7695-3633-0},
 pages = {360--371},
 numpages = {12},
 acmid = {1608144},
 publisher = {IEEE Computer Society},
 address = {Washington, DC, USA},
}

@inproceedings{AP10,
 author = {Ayewah, Nathaniel and Pugh, William},
 title = {The {G}oogle {F}ind{B}ugs fixit},
 booktitle = {Proceedings of the 19th international symposium on Software testing and analysis},
 series = {ISSTA '10},
 year = {2010},
 isbn = {978-1-60558-823-0},
 location = {Trento, Italy},
 pages = {241--252},
 numpages = {12},
 publisher = {ACM},
 address = {New York, NY, USA},
}

@inproceedings{HP07,
 author = {Hovemeyer, David and Pugh, William},
 title = {Finding more null pointer bugs, but not too many},
 booktitle = {Proceedings of the 7th ACM SIGPLAN-SIGSOFT workshop on Program analysis for software tools and engineering},
 series = {PASTE '07},
 year = {2007},
 isbn = {978-1-59593-595-3},
 location = {San Diego, California, USA},
 pages = {9--14},
 numpages = {6},
 publisher = {ACM},
 address = {New York, NY, USA},
}

@inproceedings{SHP06,
 author = {Spacco, Jaime and Hovemeyer, David and Pugh, William},
 title = {Tracking defect warnings across versions},
 booktitle = {Proceedings of the 2006 international workshop on Mining software repositories},
 series = {MSR '06},
 year = {2006},
 isbn = {1-59593-397-2},
 location = {Shanghai, China},
 pages = {133--136},
 numpages = {4},
 publisher = {ACM},
 address = {New York, NY, USA},
}


@inproceedings{TH04,
 author = {Tevis, Jay-Evan J. and Hamilton, John A.},
 title = {Methods for the prevention, detection and removal of software security vulnerabilities},
 booktitle = {Proceedings of the 42nd annual Southeast regional conference},
 series = {ACM-SE 42},
 year = {2004},
 isbn = {1-58113-870-9},
 location = {Huntsville, Alabama},
 pages = {197--202},
 numpages = {6},
 publisher = {ACM},
 address = {New York, NY, USA},
 keywords = {functional programming, static code analysis},
}

@article{BP98,
 author = {Brin, Sergey and Page, Lawrence},
 title = {The anatomy of a large-scale hypertextual Web search engine},
 journal = {Comput. Netw. ISDN Syst.},
 issue_date = {April 1, 1998},
 volume = {30},
 number = {1-7},
 month = apr,
 year = {1998},
 issn = {0169-7552},
 pages = {107--117},
 numpages = {11},
 publisher = {Elsevier Science Publishers B. V.},
 address = {Amsterdam, The Netherlands, The Netherlands},
}

@book{HM98,
 author = {Hettmansperger, T. P. and McKean, J. W.},
 title = {Robust nonparametric statistical methods},
 year = {1998},
 isbn = {0-340-54937-8},
 publisher = {Kendall's Library of Statistics},
}

@inproceedings{CPMHWBBGWZ98,
 author = {Cowan, Crispin and Pu, Calton and Maier, Dave and Hintony, Heather and Walpole, Jonathan and Bakke, Peat and Beattie, Steve and Grier, Aaron and Wagle, Perry and Zhang, Qian},
 title = {Stack{G}uard: automatic adaptive detection and prevention of buffer-overflow attacks},
 booktitle = {Proceedings of the 7th conference on USENIX Security Symposium - Volume 7},
 series = {SSYM'98},
 year = {1998},
 location = {San Antonio, Texas},
 pages = {5--5},
 numpages = {1},
 publisher = {USENIX Association},
 address = {Berkeley, CA, USA},
} 

@inproceedings{EC12,
 author = {Edwards, Nigel and Chen, Liqun},
 title = {An historical examination of open source releases and their vulnerabilities},
 booktitle = {Proceedings of the 2012 ACM conference on Computer and communications security},
 series = {CCS '12},
 year = {2012},
 isbn = {978-1-4503-1651-4},
 location = {Raleigh, North Carolina, USA},
 pages = {183--194},
 numpages = {12},
 publisher = {ACM},
 address = {New York, NY, USA},
 keywords = {open source software, risk analysis, static analysis},
}

@inproceedings{ZAH11,
 author = {Zaman, Shahed and Adams, Bram and Hassan, Ahmed E.},
 title = {Security versus performance bugs: a case study on {F}irefox},
 booktitle = {Proceedings of the 8th Working Conference on Mining Software Repositories},
 series = {MSR '11},
 year = {2011},
 isbn = {978-1-4503-0574-7},
 location = {Waikiki, Honolulu, HI, USA},
 pages = {93--102},
 numpages = {10},
 publisher = {ACM},
 address = {New York, NY, USA},
} 

@inproceedings{MNN11,
 author = {Massacci, Fabio and Neuhaus, Stephan and Nguyen, Viet Hung},
 title = {After-life vulnerabilities: a study on firefox evolution, its vulnerabilities, and fixes},
 booktitle = {Proceedings of the Third international conference on Engineering secure software and systems},
 series = {ESSoS'11},
 year = {2011},
 isbn = {978-3-642-19124-4},
 location = {Madrid, Spain},
 pages = {195--208},
 numpages = {14},
 publisher = {Springer-Verlag},
 address = {Berlin, Heidelberg},
}

@inproceedings{OS06,
 author = {Ozment, Andy and Schechter, Stuart E.},
 title = {Milk or wine: does software security improve with age?},
 booktitle = {Proceedings of the 15th conference on USENIX Security Symposium - Volume 15},
 series = {USENIX-SS'06},
 year = {2006},
 location = {Vancouver, B.C., Canada},
 publisher = {USENIX Association},
 address = {Berkeley, CA, USA},
}

@inproceedings{AP08,
 author = {Ayewah, Nathaniel and Pugh, William},
 title = {A report on a survey and study of static analysis users},
 booktitle = {Proceedings of the 2008 workshop on Defects in large software systems},
 series = {DEFECTS '08},
 year = {2008},
 isbn = {978-1-60558-051-7},
 location = {Seattle, Washington},
 pages = {1--5},
 numpages = {5},
 acmid = {1390819},
 publisher = {ACM},
 address = {New York, NY, USA},
} 

@inproceedings{GS09b,
 author = {Gousios, Georgios and Spinellis, Diomidis},
 title = {Alitheia {C}ore: An extensible software quality monitoring platform},
 booktitle = {Proceedings of the 31st International Conference on Software Engineering},
 series = {ICSE '09},
 year = {2009},
 isbn = {978-1-4244-3453-4},
 pages = {579--582},
 numpages = {4},
 acmid = {1555078},
 publisher = {IEEE Computer Society},
 address = {Washington, DC, USA},
} 

@inproceedings{WGS10,
 author = {Wu, Yan and Gandhi, Robin A. and Siy, Harvey},
 title = {Using semantic templates to study vulnerabilities recorded in large software repositories},
 booktitle = {Proceedings of the 2010 ICSE Workshop on Software Engineering for Secure Systems},
 series = {SESS '10},
 year = {2010},
 isbn = {978-1-60558-965-7},
 location = {Cape Town, South Africa},
 pages = {22--28},
 numpages = {7},
 acmid = {1809104},
 publisher = {ACM},
 address = {New York, NY, USA},
} 

@inproceedings{BSSV10,
 author = {Bozorgi, Mehran and Saul, Lawrence K. and Savage, Stefan and Voelker, Geoffrey M.},
 title = {Beyond heuristics: learning to classify vulnerabilities and predict exploits},
 booktitle = {Proceedings of the 16th ACM SIGKDD international conference on Knowledge discovery and data mining},
 series = {KDD '10},
 year = {2010},
 isbn = {978-1-4503-0055-1},
 location = {Washington, DC, USA},
 pages = {105--114},
 numpages = {10},
 acmid = {1835821},
 publisher = {ACM},
 address = {New York, NY, USA},
}

@inproceedings{JKDC05,
 author = {Joshi, Ashlesha and King, Samuel T. and Dunlap, George W. and Chen, Peter M.},
 title = {Detecting past and present intrusions through vulnerability-specific predicates},
 booktitle = {Proceedings of the twentieth ACM symposium on Operating systems principles},
 series = {SOSP '05},
 year = {2005},
 isbn = {1-59593-079-5},
 location = {Brighton, United Kingdom},
 pages = {91--104},
 numpages = {14},
 acmid = {1095820},
 publisher = {ACM},
 address = {New York, NY, USA},
 }

@inproceedings{M01,
 author = {Mittermeir, Roland T.},
 title = {Software evolution: let's sharpen the terminology before sharpening (out-of-scope) tools},
 booktitle = {Proceedings of the 4th International Workshop on Principles of Software Evolution},
 series = {IWPSE '01},
 year = {2001},
 isbn = {1-58113-508-4},
 location = {Vienna, Austria},
 pages = {114--121},
 numpages = {8},
 publisher = {ACM},
 address = {New York, NY, USA},
 keywords = {software evolution, terminology},
} 

 @article{WLS09,
 author = {Wang, Y. and Lively, W. M. and Simmons, D. B.},
 title = {Software security analysis and assessment model for the web-based applications},
 journal = {J. Comp. Methods in Sci. and Eng.},
 volume = {9},
 issue = {1,2S2},
 month = {April},
 year = {2009},
 issn = {1472-7978},
 pages = {179--189},
 numpages = {11},
 acmid = {1609816},
 publisher = {IOS Press},
 address = {Amsterdam, The Netherlands, The Netherlands},
} 

@article{H04,
 author = {Hovemeyer, David and Pugh, William},
 title = {Finding bugs is easy},
 journal = {SIGPLAN Not.},
 volume = {39},
 issue = {12},
 month = {December},
 year = {2004},
 issn = {0362-1340},
 pages = {92--106},
 numpages = {15},
 acmid = {1052895},
 publisher = {ACM},
 address = {New York, NY, USA},
} 

@inproceedings{D99,
    author = {Markus Dahm},
    title = {Byte Code Engineering},
    booktitle = {IN JAVA-INFORMATIONS-TAGE},
    year = {1999},
    pages = {267--277},
    publisher = {Springer-Verlag}
}

@inproceedings{APMPZ07b,
 author = {Ayewah, Nathaniel and Pugh, William and Morgenthaler, J. David and Penix, John and Zhou, YuQian},
 title = {Evaluating static analysis defect warnings on production software},
 booktitle = {Proceedings of the 7th ACM SIGPLAN-SIGSOFT workshop on Program analysis for software tools and engineering},
 series = {PASTE '07},
 year = {2007},
 isbn = {978-1-59593-595-3},
 location = {San Diego, California, USA},
 pages = {1--8},
 numpages = {8},
 acmid = {1251536},
 publisher = {ACM},
 address = {New York, NY, USA},
} 

@article{SL07,
 author = {Spinellis, Diomidis and Louridas, Panagiotis},
 title = {A framework for the static verification of {API} calls},
 journal = {J. Syst. Softw.},
 volume = {80},
 issue = {7},
 month = {July},
 year = {2007},
 issn = {0164-1212},
 pages = {1156--1168},
 numpages = {13},
 acmid = {1244957},
 publisher = {Elsevier Science Inc.},
 address = {New York, NY, USA},
} 

@inproceedings{SZZFY08,
 author = {Shen, Haihao and Zhang, Sai and Zhao, Jianjun and Fang, Jianhong and Yao, Shiyuan},
 title = {{XF}ind{B}ugs: eXtended FindBugs for {A}spect{J}},
 booktitle = {Proceedings of the 8th ACM SIGPLAN-SIGSOFT workshop on Program analysis for software tools and engineering},
 series = {PASTE '08},
 year = {2008},
 isbn = {978-1-60558-382-2},
 location = {Atlanta, Georgia},
 pages = {70--76},
 numpages = {7},
 acmid = {1512490},
 publisher = {ACM},
 address = {New York, NY, USA},
}

% Chapter 2

@inproceedings{LVM10,
 author = {Laranjeiro, Nuno and Vieira, Marco and Madeira, Henrique},
 title = {A Learning-Based Approach to Secure Web Services from {SQL}/{XP}ath Injection Attacks},
 booktitle = {Proceedings of the 2010 IEEE 16th Pacific Rim International Symposium on Dependable Computing},
 series = {PRDC '10},
 year = {2010},
 isbn = {978-0-7695-4289-8},
 pages = {191--198},
 numpages = {8},
 publisher = {IEEE Computer Society},
 address = {Washington, DC, USA},
 keywords = {Web services, security, SQL/ XPath Injection, vulnerabilities, code instrumentation},
}

@inproceedings{LVM09,
 author = {Laranjeiro, Nuno and Vieira, Marco and Madeira, Henrique},
 title = {Protecting Database Centric Web Services Against {SQL}/{XP}ath Injection Attacks},
 booktitle = {Proceedings of the 20th International Conference on Database and Expert Systems Applications},
 series = {DEXA '09},
 year = {2009},
 isbn = {978-3-642-03572-2},
 location = {Linz, Austria},
 pages = {271--278},
 numpages = {8},
 publisher = {Springer-Verlag},
 address = {Berlin, Heidelberg},
 keywords = {SQL Injection, Web services, XPath Injection, code instrumentation, security attacks, vulnerabilities},
}  

@inproceedings{ALVM09,
 author = {Antunes, Nuno and Laranjeiro, Nuno and Vieira, Marco and Madeira, Henrique},
 title = {Effective Detection of {SQL}/{XP}ath Injection Vulnerabilities in Web Services},
 booktitle = {Proceedings of the 2009 IEEE International Conference on Services Computing},
 series = {SCC '09},
 year = {2009},
 isbn = {978-0-7695-3811-2},
 pages = {260--267},
 numpages = {8},
 publisher = {IEEE Computer Society},
 address = {Washington, DC, USA},
} 


@inproceedings{WK02,
    address = {Karlstad, Sweden},
    author = {Wilander, John and Kamkar, Mariam},
    booktitle = {Proceedings of the 7th Nordic Workshop on Secure {IT} Systems},
    keywords = {intrusion\_detection, security},
    month = nov,
    pages = {68--84},
    title = {{A Comparison of Publicly Available Tools for Static Intrusion Prevention}},
    year = {2002}
}


@inproceedings{CW07,
 author = {Chen, Karl and Wagner, David},
 title = {Large-scale Analysis of Format String Vulnerabilities in {D}ebian {L}inux},
 booktitle = {Proceedings of the 2007 Workshop on Programming Languages and Analysis for Security},
 series = {PLAS '07},
 year = {2007},
 isbn = {978-1-59593-711-7},
 location = {San Diego, California, USA},
 pages = {75--84},
 numpages = {10},
 publisher = {ACM},
 address = {New York, NY, USA},
 keywords = {format string vulnerability, large-scale analysis, type-qualifier inference},
} 

@inproceedings{HM04,
 author = {Heffley, Jon and Meunier, Pascal},
 title = {Can Source Code Auditing Software Identify Common Vulnerabilities and Be Used to Evaluate Software Security?},
 booktitle = {Proceedings of the Proceedings of the 37th Annual Hawaii International Conference on System Sciences (HICSS'04) - Track 9 - Volume 9},
 series = {HICSS '04},
 year = {2004},
 isbn = {0-7695-2056-1},
 pages = {90277--},
 publisher = {IEEE Computer Society},
 address = {Washington, DC, USA},
}

@phdthesis{J06,
 author = {Johnson, Robert Timothy},
 advisor = {Wagner, David},
 title = {Verifying Security Properties Using Type-qualifier Inference},
 year = {2006},
 note = {AAI3253911},
 publisher = {University of California at Berkeley},
 address = {Berkeley, CA, USA},
} 

@article{K04,
 author = {Kantorovitz, Isaiah Pinchas},
 title = {Lexical Analysis Tool},
 journal = {SIGPLAN Not.},
 issue_date = {May 2004},
 volume = {39},
 number = {5},
 month = may,
 year = {2004},
 issn = {0362-1340},
 pages = {66--74},
 numpages = {9},
 publisher = {ACM},
 address = {New York, NY, USA},
 keywords = {algorithm, compiler, lexical analysis, scanner, software tool},
} 


@inproceedings{BSA00,
 author = {Boujarwah, A. S. and Saleh, K. and Al-Dallal, J.},
 title = {Testing {J}ava Programs Using Dynamic Data Flow Analysis},
 booktitle = {Proceedings of the 2000 ACM Symposium on Applied Computing - Volume 2},
 series = {SAC '00},
 year = {2000},
 isbn = {1-58113-240-9},
 location = {Como, Italy},
 pages = {725--727},
 numpages = {3},
 publisher = {ACM},
 address = {New York, NY, USA},
 keywords = {Java, dynamic data flow analysis, instrumentation, object oriented programming, software testing},
} 

@InProceedings{XBS06,
  author =   "Wei Xu and Sandeep Bhatkar and R. Sekar",
  title =  "Taint-Enhanced Policy Enforcement: A Practical
                  Approach to Defeat a Wide Range of Attacks",
  booktitle =  "Security '06: Proceedings of the 15th USENIX
                  Security Symposium",
  pages =  "121--136",
  month =  aug,
  year =   2006,
  address =  "Berkeley, CA",
  organization = "USENIX Association",
  location =   "Vancouver, BC",
  where =  "pub/lib"
}


@inproceedings{GSD04,
  author = {Carl Gould and Zhendong Su and Premkumar Devanbu},
  title = {Static Checking of Dynamically Generated Queries in Database Applications},
  booktitle = {ICSE '04: Proceedings of the 26th International Conference on Software Engineering},
  year = {2004},
  isbn = {0-7695-2163-0},
  pages = {645--654},
  publisher = {IEEE Computer Society},
  address = {Washington, DC, USA},
  Where="pub/lib"
}

@inproceedings{WS07,
  author = {Gary Wassermann and Zhendong Su},
  title = {Sound and precise analysis of web applications for injection vulnerabilities},
  booktitle = {PLDI '07: Proceedings of the 2007 ACM SIGPLAN conference on Programming language design and implementation},
  year = {2007},
  isbn = {978-1-59593-633-2},
  pages = {32--41},
  location = {San Diego, California, USA},
  publisher = {ACM Press},
  address = {New York, NY, USA}
}

@InProceedings{MS07,
  Title="Countering {SQL} Injection Attacks with a Database Driver",
  Author="Dimitris Mitropoulos and Diomidis Spinellis",
  Booktitle="Current Trends in Informatics: 11th Panhellenic Conference on Informatics, {PCI} 2007",
  Location="Patras, Greece",
  Month=May,
  pages="105--115",
  Volume="B",
  Year=2007,
  Address="Athens",
  Publisher="New Technologies Publications",
  Editor="Theodore S. Papatheodorou and Dimitris N. Christodoulakis and Nikitas N. Karanikolas",
  URL="http://www.dmst.aueb.gr/dds/pubs/conf/2007-PCI-SQLIA/html/MS07.htm"
}

@inproceedings{NDRHL07,
 author = {Nguyen, Lynette Qu and Demir, Tufan and Rowe, Jeff and Hsu, Francis and Levitt, Karl},
 title = {A framework for diversifying windows native APIs to tolerate code injection attacks},
 booktitle = {ASIACCS '07: Proceedings of the 2nd ACM symposium on Information, computer and communications security},
 year = {2007},
 isbn = {1-59593-574-6},
 pages = {392--394},
 location = {Singapore},
 publisher = {ACM},
 address = {New York, NY, USA},
 }

@inproceedings{BOST08,
 author = {Balmin, Andrey and \"{O}zcan, Fatma and Singh, Ashutosh and Ting, Edison},
 title = {Grouping and optimization of XPath expressions in {DB}2\textregistered pure{XML}},
 booktitle = {SIGMOD '08: Proceedings of the 2008 ACM SIGMOD international conference on Management of data},
 year = {2008},
 isbn = {978-1-60558-102-6},
 pages = {1065--1074},
 location = {Vancouver, Canada},
 publisher = {ACM},
 address = {New York, NY, USA},
 }

@article{BFG08,
 author = {Benedikt, Michael and Fan, Wenfei and Geerts, Floris},
 title = {{XP}ath satisfiability in the presence of DTDs},
 journal = {J. ACM},
 volume = {55},
 number = {2},
 year = {2008},
 issn = {0004-5411},
 pages = {1--79},
 publisher = {ACM},
 address = {New York, NY, USA},
 }

@article{FFM08,
 author = {Flesca, S. and Furfaro, F. and Masciari, E.},
 title = {On the minimization of {XP}ath queries},
 journal = {J. ACM},
 volume = {55},
 number = {1},
 year = {2008},
 issn = {0004-5411},
 pages = {1--46},
 publisher = {ACM},
 address = {New York, NY, USA},
 }


@article{GG08,
 author = {Groppe, Jinghua and Groppe, Sven},
 title = {Filtering unsatisfiable {XP}ath queries},
 journal = {Data Knowl. Eng.},
 volume = {64},
 number = {1},
 year = {2008},
 issn = {0169-023X},
 pages = {134--169},
 publisher = {Elsevier Science Publishers B. V.},
 address = {Amsterdam, The Netherlands, The Netherlands},
 }

@article{GKP05,
 author = {Gottlob, Georg and Koch, Christoph and Pichler, Reinhard},
 title = {Efficient algorithms for processing {XP}ath queries},
 journal = {ACM Trans. Database Syst.},
 volume = {30},
 number = {2},
 year = {2005},
 issn = {0362-5915},
 pages = {444--491},
 publisher = {ACM},
 address = {New York, NY, USA},
 }

 @article{RDWDE07,
 author = {Reis, Charles and Dunagan, John and Wang, Helen J. and Dubrovsky, Opher and Esmeir, Saher},
 title = {{B}rowser{S}hield: Vulnerability-driven filtering of dynamic {\sc html}},
 journal = {ACM Trans. Web},
 volume = {1},
 issue = {3},
 month = {September},
 year = {2007},
 issn = {1559-1131},
 articleno = {11},
 publisher = {ACM},
 address = {New York, NY, USA},
}

 @inproceedings{LV09,
 author = {Louw, Mike Ter and Venkatakrishnan, V. N.},
 title = {Blueprint: Robust Prevention of Cross-site Scripting Attacks for Existing Browsers},
 booktitle = {SP '09: Proceedings of the 2009 30th IEEE Symposium on Security and Privacy},
 year = {2009},
 isbn = {978-0-7695-3633-0},
 pages = {331--346},
 publisher = {IEEE Computer Society},
 address = {Washington, DC, USA},
 }
 
@inproceedings{GC09,
  author = {Matthew Van Gundy and Hao Chen},
  booktitle = {Proceedings of the 16th Annual Network and Distributed System Security Symposium (NDSS)},
  title = {{Noncespaces}: Using Randomization to Enforce Information Flow Tracking and Thwart Cross-Site Scripting Attacks},
  year =   {2009},
  address =    {San Diego, CA},
}

 @inproceedings{WPLKK09,
 author = {Wurzinger, P. and Platzer, C. and Ludl, C. and Kirda, E. and Kruegel, C.},
 title = {{\sc swap}: Mitigating {\sc xss} attacks using a reverse proxy},
 booktitle = {IWSESS '09: Proceedings of the 2009 ICSE Workshop on Software Engineering for Secure Systems},
 year = {2009},
 isbn = {978-1-4244-3725-2},
 pages = {33--39},
 publisher = {IEEE Computer Society},
 address = {Washington, DC, USA},
 }

 @inproceedings{BV08,
 author = {Bisht, Prithvi and Venkatakrishnan, V. N.},
 title = {{\sc xss-guard}: Precise Dynamic Prevention of Cross-Site Scripting Attacks},
 booktitle = {DIMVA '08: Proceedings of the 5th international conference on Detection of Intrusions and Malware, and Vulnerability Assessment},
 year = {2008},
 isbn = {978-3-540-70541-3},
 pages = {23--43},
 location = {Paris, France},
 publisher = {Springer-Verlag},
 address = {Berlin, Heidelberg},
 }

@inproceedings{JEP08,
 author = {Johns, Martin and Engelmann, Bj\"{o}rn and Posegga, Joachim},
 title = {{\sc xssds}: Server-Side Detection of Cross-Site Scripting Attacks},
 booktitle = {ACSAC '08: Proceedings of the 2008 Annual Computer Security Applications Conference},
 year = {2008},
 isbn = {978-0-7695-3447-3},
 pages = {335--344},
 publisher = {IEEE Computer Society},
 address = {Washington, DC, USA},
 }

% Intro: Software Security, Defects and Vulnerabilities

@inproceedings{WV08,
 author = {Wurster, Glenn and van Oorschot, P. C.},
 title = {The developer is the enemy},
 booktitle = {NSPW '08: Proceedings of the 2008 workshop on New security paradigms},
 year = {2008},
 isbn = {978-1-60558-341-9},
 pages = {89--97},
 location = {Lake Tahoe, California, USA},
 publisher = {ACM},
 address = {New York, NY, USA},
 }

@book{M06,
 author = {McGraw, Gary},
 title = {Software Security: Building Security In},
 year = {2006},
 isbn = {0321356705},
 publisher = {Addison-Wesley Professional},
 }
 
@book{HL03,
 author =  "Michael Howard and David LeBlanc",
 title =   "Writing Secure Code",
 publisher =   "Microsoft Press",
 address =   "Redmond, WA",
 year =  2003,
 edition =   "second",
 isbn =  "0-7356-1722-8"
}

@book{VG01,
 Author="John Viega and Gary McGraw",
 Title="Building Secure Software: How to Avoid Security Problems the Right Way",
 Address="Boston, MA",
 Publisher="Addison-Wesley",
 Year=2001,
 ISBN="0-201-72152-X",
 Keys="dds"
}

@book{S03,
 Publisher = {Addison-Wesley Professional},
 Isbn = {9780201799408},
 Title = {Code Reading: The Open Source Perspective (v. 1)},
 Url = {http://amazon.com/o/ASIN/0201799405/},
 Author = {Diomidis Spinellis},
 Month = {6},
 Year = {2003},
 Totalpages = {528},
}

@article{FHS97,
 author = {Forrest, Stephanie and Hofmeyr, Steven A. and Somayaji, Anil},
 title = {Computer Immunology},
 journal = {Commun. ACM},
 issue_date = {Oct. 1997},
 volume = {40},
 number = {10},
 month = oct,
 year = {1997},
 issn = {0001-0782},
 pages = {88--96},
 numpages = {9},
 publisher = {ACM},
 address = {New York, NY, USA},
}


@article{WW03,
 author = {Wang, Huaiqing and Wang, Chen},
 title = {Taxonomy of Security Considerations and Software Quality},
 journal = {Commun. ACM},
 issue_date = {June 2003},
 volume = {46},
 number = {6},
 month = jun,
 year = {2003},
 issn = {0001-0782},
 pages = {75--78},
 numpages = {4},
 publisher = {ACM},
 address = {New York, NY, USA},
}

@article{TCM06,
  author = {Tsipenyuk, Katrina and Chess, Brian and McGraw, Gary},
  date = {2006-04-27},
  journal = {IEEE Security \& Privacy},
  keywords = {dblp},
  number = 6,
  pages = {81-84},
  title = {Seven Pernicious Kingdoms: A Taxonomy of Software Security Errors.},
  volume = 3,
  year = 2005
} 

@book{S95,
 author = {Sommerville, Ian},
 title = {Software Engineering (5th Ed.)},
 year = {1995},
 isbn = {0-201-42765-6},
 publisher = {Addison Wesley Longman Publishing Co., Inc.},
 address = {Redwood City, CA, USA},
}


% Countermeasures

% Symbolic Execution

@inproceedings{CGKPSTV11,
 author = {Cadar, Cristian and Godefroid, Patrice and Khurshid, Sarfraz and P\u{a}s\u{a}reanu, Corina S. and Sen, Koushik and Tillmann, Nikolai and Visser, Willem},
 title = {Symbolic Execution for Software Testing in Practice: Preliminary Assessment},
 booktitle = {Proceedings of the 33rd International Conference on Software Engineering},
 series = {ICSE '11},
 year = {2011},
 isbn = {978-1-4503-0445-0},
 location = {Waikiki, Honolulu, HI, USA},
 pages = {1066--1071},
 numpages = {6},
 publisher = {ACM},
 address = {New York, NY, USA},
 keywords = {dynamic test generation, generalized symbolic execution},
}

@article{K76,
 author = {King, James C.},
 title = {Symbolic Execution and Program Testing},
 journal = {Commun. ACM},
 issue_date = {July 1976},
 volume = {19},
 number = {7},
 month = jul,
 year = {1976},
 issn = {0001-0782},
 pages = {385--394},
 numpages = {10},
 publisher = {ACM},
 address = {New York, NY, USA},
 keywords = {program debugging, program proving, program testing, program verification, symbolic execution, symbolic interpretation},
} 

@inproceedings{RSB10,
 author = {Ruse, Michelle and Sarkar, Tanmoy and Basu, Samik},
 title = {Analysis \& Detection of {SQL} Injection Vulnerabilities via Automatic Test Case Generation of Programs},
 booktitle = {Proceedings of the 2010 10th IEEE/IPSJ International Symposium on Applications and the Internet},
 series = {SAINT '10},
 year = {2010},
 isbn = {978-0-7695-4107-5},
 pages = {31--37},
 numpages = {7},
 publisher = {IEEE Computer Society},
 address = {Washington, DC, USA},
 keywords = {SQL injection, Program Verification, Assertion, Test cases, Decision Diagrams},
} 

@inproceedings{SAHMMS10,
 author = {Saxena, Prateek and Akhawe, Devdatta and Hanna, Steve and Mao, Feng and McCamant, Stephen and Song, Dawn},
 title = {A Symbolic Execution Framework for JavaScript},
 booktitle = {Proceedings of the 2010 IEEE Symposium on Security and Privacy},
 series = {SP '10},
 year = {2010},
 isbn = {978-0-7695-4035-1},
 pages = {513--528},
 numpages = {16},
 publisher = {IEEE Computer Society},
 address = {Washington, DC, USA},
}

@inproceedings{FQ08,
 author = {Fu, Xiang and Qian, Kai},
 title = {{SAFELI}: {SQL} Injection Scanner Using Symbolic Execution},
 booktitle = {Proceedings of the 2008 Workshop on Testing, Analysis, and Verification of Web Services and Applications},
 series = {TAV-WEB '08},
 year = {2008},
 isbn = {978-1-60558-053-1},
 location = {Seattle, Washington},
 pages = {34--39},
 numpages = {6},
 publisher = {ACM},
 address = {New York, NY, USA},
 keywords = {SQL injection attack, automated testing, constraint solver, symbolic execution},
} 


@inproceedings{CM12,
 author = {Corin, Ricardo and Manzano, Felipe Andr{\'e}s},
 title = {Taint Analysis of Security Code in the {KLEE} Symbolic Execution Engine},
 booktitle = {Proceedings of the 14th International Conference on Information and Communications Security},
 series = {ICICS'12},
 year = {2012},
 isbn = {978-3-642-34128-1},
 location = {Hong Kong, China},
 pages = {264--275},
 numpages = {12},
 publisher = {Springer-Verlag},
 address = {Berlin, Heidelberg},
} 

@article{AC13,
 author = {Avancini, Andrea and Ceccato, Mariano},
 title = {Comparison and Integration of Genetic Algorithms and Dynamic Symbolic Execution for Security Testing of Cross-site Scripting Vulnerabilities},
 journal = {Inf. Softw. Technol.},
 issue_date = {December, 2013},
 volume = {55},
 number = {12},
 month = dec,
 year = {2013},
 issn = {0950-5849},
 pages = {2209--2222},
 numpages = {14},
 publisher = {Butterworth-Heinemann},
 address = {Newton, MA, USA},
 keywords = {Dynamic analysis, Security testing, Static analysis},
} 


% various

@article{BP08,
 author = {Mason Brown and Alan Paller},
 title = {Secure software development: Why the development world awoke to the challenge},
 journal = {Inf. Secur. Tech. Rep.},
 volume = {13},
 number = {1},
 year = {2008},
 issn = {1363-4127},
 pages = {40--43},
 publisher = {Elsevier Advanced Technology Publications},
 address = {Oxford, UK, UK},
}

@inproceedings{GBWSJ07,
 author = {Johan Gregoire and Koen Buyens and Bart De Win and Riccardo Scandariato and Wouter Joosen},
 title = {On the Secure Software Development Process: {CLASP} and {SDL} Compared},
 booktitle = {SESS '07: Proceedings of the Third International Workshop on Software Engineering for Secure Systems},
 year = {2007},
 isbn = {0-7695-2952-6},
 pages = {1},
 publisher = {IEEE Computer Society},
 address = {Washington, DC, USA},
}

@article{F02,
 author = {Fagan, Michael},
 title = {Design and code inspections to reduce errors in program development},
 book = {Software pioneers: contributions to software engineering},
 year = {2002},
 isbn = {3-540-43081-4},
 pages = {575--607},
 publisher = {Springer-Verlag New York, Inc.},
 address = {New York, NY, USA},
}

@inproceedings{M05,
 author = {Minamide, Yasuhiko},
 title = {Static approximation of dynamically generated Web pages},
 booktitle = {WWW '05: Proceedings of the 14th international conference on World Wide Web},
 year = {2005},
 isbn = {1-59593-046-9},
 pages = {432--441},
 location = {Chiba, Japan},
 publisher = {ACM},
 address = {New York, NY, USA},
 }

% Runtime Tainting

@inproceedings{NLC07,
 author = {Nanda, Susanta and Lam, Lap-Chung and Chiueh, Tzi-cker},
 title = {Dynamic Multi-process Information Flow Tracking for Web Application Security},
 booktitle = {Proceedings of the 2007 ACM/IFIP/USENIX International Conference on Middleware Companion},
 series = {MC '07},
 year = {2007},
 isbn = {978-1-59593-935-7},
 location = {Newport Beach, California},
 pages = {19:1--19:20},
 articleno = {19},
 numpages = {20},
 publisher = {ACM},
 address = {New York, NY, USA},
 keywords = {SQL injection, cross-site scripting, dynamic checking compiler, information flow tracking, taint analysis, web application security},
} 

@inproceedings{NGGSE05,
  author = {Nguyen-Tuong, Anh and Guarnieri, Salvatore and Greene, Doug and Shirley, Jeff and Evans, David},
  booktitle = {SEC},
  date = {2006-05-31},
  editor = {Sasaki, Ryôichi and Qing, Sihan and Okamoto, Eiji and Yoshiura, Hiroshi},
  isbn = {0-387-25658-X},
  keywords = {dblp},
  pages = {295-308},
}

@inproceedings{S09b,
  author    = {R. Sekar},
  title     = {An Efficient Black-box Technique for Defeating Web Application
               Attacks},
  booktitle = {Proceeding of the Network and Distributed System Security Symposium (NDSS)},
  year      = {2009},
}

@inproceedings{NSS09,
  author = {Nadji, Yacin and Saxena, Prateek and Song, Dawn},
  booktitle = {Proceeding of the Network and Distributed System Security Symposium (NDSS)},
  keywords = {xss},
  title = {Document Structure Integrity: A Robust Basis for Cross-site Scripting Defense},
  year = 2009
}



@InProceedings{VFJKKV07,
  author =   {P. Vogt and F. Nentwich and N. Jovanovic and E. Kirda and C. Kruegel and G.  Vigna},
  title =    {Cross-Site Scripting Prevention with Dynamic Data Tainting and Static Analysis},
  booktitle =    {Proceeding of the Network and Distributed System Security Symposium (NDSS)},
  year =   2007,
  address =  {San Diego, CA},
  month =  {February}
}

% Types

@article{D76,
 author = {Denning, Dorothy E.},
 title = {A Lattice Model of Secure Information Flow},
 journal = {Commun. ACM},
 issue_date = {May 1976},
 volume = {19},
 number = {5},
 month = may,
 year = {1976},
 issn = {0001-0782},
 pages = {236--243},
 numpages = {8},
 publisher = {ACM},
 address = {New York, NY, USA},
 keywords = {information flow, lattice, program certification, protection, security, security class},
}

@article{FTA02,
 author = {Foster, Jeffrey S. and Terauchi, Tachio and Aiken, Alex},
 title = {Flow-sensitive Type Qualifiers},
 journal = {SIGPLAN Not.},
 issue_date = {May 2002},
 volume = {37},
 number = {5},
 month = may,
 year = {2002},
 issn = {0362-1340},
 pages = {1--12},
 numpages = {12},
 publisher = {ACM},
 address = {New York, NY, USA},
 keywords = {alias analysis, constraints, effect inference, flow-sensitivity, linux kernel, locking, restrict, type qualifiers, types},
} 


@book{P02,
 author = {Pierce, Benjamin C.},
 title = {Types and Programming Languages},
 year = {2002},
 isbn = {0-262-16209-1},
 publisher = {MIT Press},
 address = {Cambridge, MA, USA},
} 

@book{FEB03,
  Publisher = {Addison Wesley},
  Author = {Maydene Fisher and Jon Ellis and Jonathan Bruce},
  Title = {{JDBC} {API} {T}utorial and {R}eference},
  Edition = {3$^rd$},
  Year = {2003}
}

@article{EIME99,
  Publisher = {ACM},
  Issn = {0163-5808},
  Title = {{SQLJ} {P}art 1: {SQL} routines using the {J}ava programming language},
  Journal = {SIGMOD Rec.},
  Author = {Andrew Eisenberg and Jim Melton},
  Number = {4},
  Volume = {28},
  Year = {1999},
  Pages = {58--63},
  Address = {New York, NY, USA}
}

@phdthesis{ERDW13,
  Title = {{E}xtensible {L}anguages for {F}lexible and {P}rincipled {D}omain {A}bstraction},
  School = {Philipps-Universitat Marburg},
  Author = {Sebastian Erdweg},
  Year = {2013}
}

% Model Checking

@inproceedings{ML08,
 author = {Martin, Michael and Lam, Monica S.},
 title = {Automatic Generation of {XSS} and {SQL} Injection Attacks with Goal-directed Model Checking},
 booktitle = {Proceedings of the 17th Conference on Security Symposium},
 series = {SS'08},
 year = {2008},
 location = {San Jose, CA},
 pages = {31--43},
 numpages = {13},
 publisher = {USENIX Association},
 address = {Berkeley, CA, USA},
} 

@article{H97,
 author = {Holzmann, Gerard J.},
 title = {The Model Checker {SPIN}},
 journal = {IEEE Trans. Softw. Eng.},
 issue_date = {May 1997},
 volume = {23},
 number = {5},
 month = may,
 year = {1997},
 issn = {0098-5589},
 pages = {279--295},
 numpages = {17},
 publisher = {IEEE Press},
 address = {Piscataway, NJ, USA},
 keywords = {Formal methods, program verification, design verification, model checking, distributed systems, concurrency.},
} 

@phdthesis{M92,
 author = {McMillan, Kenneth Lauchlin},
 title = {Symbolic Model Checking: An Approach to the State Explosion Problem},
 year = {1992},
 note = {UMI Order No. GAX92-24209},
 publisher = {Carnegie Mellon University},
 address = {Pittsburgh, PA, USA},
} 

@inproceedings{RRRSSW97,
 author = {Ramakrishna, Y. S. and Ramakrishnan, C. R. and Ramakrishnan, I. V. and Smolka, Scott A. and Swift, Terrance and Warren, David Scott},
 title = {Efficient Model Checking Using Tabled Resolution},
 booktitle = {Proceedings of the 9th International Conference on Computer Aided Verification},
 series = {CAV '97},
 year = {1997},
 isbn = {3-540-63166-6},
 pages = {143--154},
 numpages = {12},
 publisher = {Springer-Verlag},
 address = {London, UK, UK},
} 

@article{SS07b,
 author = {Schuele, Tobias and Schneider, Klaus},
 title = {Bounded Model Checking of Infinite State Systems},
 journal = {Form. Methods Syst. Des.},
 issue_date = {February  2007},
 volume = {30},
 number = {1},
 month = feb,
 year = {2007},
 issn = {0925-9856},
 pages = {51--81},
 numpages = {31},
 publisher = {Kluwer Academic Publishers},
 address = {Hingham, MA, USA},
 keywords = {Bounded model checking, Global model checking, Infinite state systems, Local model checking, Temporal logic hierarchy},
} 

@inproceedings{XA06,
 author = {Xie, Yichen and Aiken, Alex},
 title = {Static Detection of Security Vulnerabilities in Scripting Languages},
 booktitle = {Proceedings of the 15th Conference on USENIX Security Symposium - Volume 15},
 series = {USENIX-SS'06},
 year = {2006},
 location = {Vancouver, B.C., Canada},
 articleno = {13},
 publisher = {USENIX Association},
 address = {Berkeley, CA, USA},
} 

@inproceedings{SCWLTMW05,
 author = {Schwarz, Benjamin and Chen, Hao and Wagner, David and Lin, Jeremy and Tu, Wei and Morrison, Geoff and West, Jacob},
 title = {Model Checking An Entire Linux Distribution for Security Violations},
 booktitle = {Proceedings of the 21st Annual Computer Security Applications Conference},
 series = {ACSAC '05},
 year = {2005},
 isbn = {0-7695-2461-3},
 pages = {13--22},
 numpages = {10},
 publisher = {IEEE Computer Society},
 address = {Washington, DC, USA},
} 

@inproceedings{DPZ07,
 author = {Dong, Jing and Peng, Tu and Zhao, Yajing},
 title = {Model Checking Security Pattern Compositions},
 booktitle = {Proceedings of the Seventh International Conference on Quality Software},
 series = {QSIC '07},
 year = {2007},
 isbn = {0-7695-3035-4},
 pages = {80--89},
 numpages = {10},
 publisher = {IEEE Computer Society},
 address = {Washington, DC, USA},
}

@inproceedings{T08b,
  author = {Tsitovich, Aliaksei},
  booktitle = {ICLP},
  editor = {de la Banda, Maria Garcia and Pontelli, Enrico},
  isbn = {978-3-540-89981-5},
  pages = {822-823},
  publisher = {Springer},
  series = {Lecture Notes in Computer Science},
  title = {Detection of Security Vulnerabilities Using Guided Model Checking},
  volume = {5366},
  year = {2008},
}


@inproceedings{RHS95,
 author = {Reps, Thomas and Horwitz, Susan and Sagiv, Mooly},
 title = {Precise Interprocedural Dataflow Analysis via Graph Reachability},
 booktitle = {Proceedings of the 22Nd ACM SIGPLAN-SIGACT Symposium on Principles of Programming Languages},
 series = {POPL '95},
 year = {1995},
 isbn = {0-89791-692-1},
 location = {San Francisco, California, USA},
 pages = {49--61},
 numpages = {13},
 publisher = {ACM},
 address = {New York, NY, USA},
} 

@article{MDC06,
 author = {Miller, Alice and Donaldson, Alastair and Calder, Muffy},
 title = {Symmetry in Temporal Logic Model Checking},
 journal = {ACM Comput. Surv.},
 issue_date = {2006},
 volume = {38},
 number = {3},
 month = sep,
 year = {2006},
 issn = {0360-0300},
 articleno = {8},
 publisher = {ACM},
 address = {New York, NY, USA},
 keywords = {Model checking, quotient graph, symmetry},
}

@inproceedings{P77,
 author = {Pnueli, Amir},
 title = {The Temporal Logic of Programs},
 booktitle = {Proceedings of the 18th Annual Symposium on Foundations of Computer Science},
 series = {SFCS '77},
 year = {1977},
 pages = {46--57},
 numpages = {12},
 publisher = {IEEE Computer Society},
 address = {Washington, DC, USA},
} 

@inproceedings{CW02,
 author = {Chen, Hao and Wagner, David},
 title = {{MOPS}: An Infrastructure for Examining Security Properties of Software},
 booktitle = {Proceedings of the 9th ACM Conference on Computer and Communications Security},
 series = {CCS '02},
 year = {2002},
 isbn = {1-58113-612-9},
 location = {Washington, DC, USA},
 pages = {235--244},
 numpages = {10},
 publisher = {ACM},
 address = {New York, NY, USA},
 keywords = {model checking, security, static analysis, verification},
}

@article{BHJM07,
 author = {Beyer, Dirk and Henzinger, Thomas A. and Jhala, Ranjit and Majumdar, Rupak},
 title = {The Software Model Checker Blast: Applications to Software Engineering},
 journal = {Int. J. Softw. Tools Technol. Transf.},
 issue_date = {October 2007},
 volume = {9},
 number = {5},
 month = oct,
 year = {2007},
 issn = {1433-2779},
 pages = {505--525},
 numpages = {21},
 publisher = {Springer-Verlag},
 address = {Berlin, Heidelberg},
 keywords = {Memory safety, Model checking, Software specification, Software verification, Test-case generation},
} 

@inproceedings{M01b,
 author = {Merz, Stephan},
 title = {Model Checking: A Tutorial Overview},
 booktitle = {Proceedings of the 4th Summer School on Modeling and Verification of Parallel Processes},
 series = {MOVEP '00},
 year = {2001},
 isbn = {3-540-42787-2},
 pages = {3--38},
 numpages = {36},
 publisher = {Springer-Verlag},
 address = {London, UK, UK},
} 

@article{CES09,
 author = {Clarke, Edmund M. and Emerson, E. Allen and Sifakis, Joseph},
 title = {Model Checking: Algorithmic Verification and Debugging},
 journal = {Commun. ACM},
 issue_date = {November 2009},
 volume = {52},
 number = {11},
 month = nov,
 year = {2009},
 issn = {0001-0782},
 pages = {74--84},
 numpages = {11},
 publisher = {ACM},
 address = {New York, NY, USA},
} 

@inproceedings{ME04,
 author = {Musuvathi, Madanlal and Engler, Dawson R.},
 title = {Model Checking Large Network Protocol Implementations},
 booktitle = {Proceedings of the 1st Conference on Symposium on Networked Systems Design and Implementation - Volume 1},
 series = {NSDI'04},
 year = {2004},
 location = {San Francisco, California},
 pages = {12--12},
 publisher = {USENIX Association},
 address = {Berkeley, CA, USA},
} 

@inproceedings{HRZ08,
 author = {Hanna, Youssef and Rajan, Hridesh and Zhang, Wensheng},
 title = {Slede: A Domain-specific Verification Framework for Sensor Network Security Protocol Implementations},
 booktitle = {Proceedings of the First ACM Conference on Wireless Network Security},
 series = {WiSec '08},
 year = {2008},
 isbn = {978-1-59593-814-5},
 location = {Alexandria, VA, USA},
 pages = {109--118},
 numpages = {10},
 publisher = {ACM},
 address = {New York, NY, USA},
 keywords = {intruder generation, model checking, security protocols, sensor networks},
} 

@inproceedings{CDW04,
  author = {Chen, Hao and Dean, Drew and Wagner, David},
  title = {Model Checking One Million Lines of {C} Code},
  booktitle = {Proceedings of the 11th Annual Network and Distributed System Security Symposium (NDSS)},
  pages = {171--185},
  publisher = {The Internet Society},
  year = {2004},
}

@article{BEGW03,
 author = {Ben-David, Shoham and Eisner, Cindy and Geist, Daniel and Wolfsthal, Yaron},
 title = {Model Checking at {IBM}},
 journal = {Form. Methods Syst. Des.},
 issue_date = {March 2003},
 volume = {22},
 number = {2},
 month = mar,
 year = {2003},
 issn = {0925-9856},
 pages = {101--108},
 numpages = {8},
 publisher = {Kluwer Academic Publishers},
 address = {Hingham, MA, USA},
 keywords = {formal methods, formal verification, model checking},
} 

@incollection{CGJV08,
 author = {Clarke, Edmund and Gupta, Anubhav and Jain, Himanshu and Veith, Helmut},
 chapter = {Model Checking: Back and Forth Between Hardware and Software},
 title = {Verified Software: Theories, Tools, Experiments},
 editor = {Meyer, Bertrand and Woodcock, Jim},
 year = {2008},
 isbn = {978-3-540-69147-1},
 pages = {251--255},
 numpages = {5},
 publisher = {Springer-Verlag},
 address = {Berlin, Heidelberg},
} 

% Data Flow Analysis


@inproceedings{QWLKZW06,
 author = {Qin, Feng and Wang, Cheng and Li, Zhenmin and Kim, Ho-seop and Zhou, Yuanyuan and Wu, Youfeng},
 title = {{LIFT}: A Low-Overhead Practical Information Flow Tracking System for Detecting Security Attacks},
 booktitle = {Proceedings of the 39th Annual IEEE/ACM International Symposium on Microarchitecture},
 series = {MICRO 39},
 year = {2006},
 isbn = {0-7695-2732-9},
 pages = {135--148},
 numpages = {14},
 publisher = {IEEE Computer Society},
 address = {Washington, DC, USA},
} 

@inproceedings{CSL08,
 author = {Chang, Walter and Streiff, Brandon and Lin, Calvin},
 title = {Efficient and Extensible Security Enforcement Using Dynamic Data Flow Analysis},
 booktitle = {Proceedings of the 15th ACM Conference on Computer and Communications Security},
 series = {CCS '08},
 year = {2008},
 isbn = {978-1-59593-810-7},
 location = {Alexandria, Virginia, USA},
 pages = {39--50},
 numpages = {12},
 publisher = {ACM},
 address = {New York, NY, USA},
 keywords = {dynamic data flow analysis, security enforcement, static analysis},
} 

@inproceedings{ALKLS08,
 author = {Almaliotis, Vasilios and Loizidis, Alexandros and Katsaros, Panagiotis and Louridas, Panagiotis and Spinellis, Diomidis},
 title = {Static Program Analysis for Java Card Applets},
 booktitle = {Proceedings of the 8th IFIP WG 8.8/11.2 International Conference on Smart Card Research and Advanced Applications},
 series = {CARDIS '08},
 year = {2008},
 isbn = {978-3-540-85892-8},
 location = {London, UK},
 pages = {17--31},
 numpages = {15},
 publisher = {Springer-Verlag},
 address = {Berlin, Heidelberg},
 keywords = {Java Card, static program analysis, temporal safety},
} 

@inproceedings{LJXMX07,
 author = {Lin, Zhiqiang and Jiang, Xuxian and Xu, Dongyan and Mao, Bing and Xie, Li},
 title = {Auto{P}a{G}: Towards Automated Software Patch Generation with Source Code Root Cause Identification and Repair},
 booktitle = {Proceedings of the 2Nd ACM Symposium on Information, Computer and Communications Security},
 series = {ASIACCS '07},
 year = {2007},
 isbn = {1-59593-574-6},
 location = {Singapore},
 pages = {329--340},
 numpages = {12},
 publisher = {ACM},
 address = {New York, NY, USA},
 keywords = {automated patch generation, data flow analysis, out-of-bound vulnerability, software security},
} 

@inproceedings{JKK06,
 author = {Jovanovic, Nenad and Kruegel, Christopher and Kirda, Engin},
 title = {Pixy: A Static Analysis Tool for Detecting Web Application Vulnerabilities (Short Paper)},
 booktitle = {Proceedings of the 2006 IEEE Symposium on Security and Privacy},
 series = {SP '06},
 year = {2006},
 isbn = {0-7695-2574-1},
 pages = {258--263},
 numpages = {6},
 publisher = {IEEE Computer Society},
 address = {Washington, DC, USA},
}

@inproceedings{NM09,
 author = {Nagy, Csaba and Mancoridis, Spiros},
 title = {Static Security Analysis Based on Input-Related Software Faults},
 booktitle = {Proceedings of the 2009 European Conference on Software Maintenance and Reengineering},
 series = {CSMR '09},
 year = {2009},
 isbn = {978-0-7695-3589-0},
 pages = {37--46},
 numpages = {10},
 publisher = {IEEE Computer Society},
 address = {Washington, DC, USA},
 keywords = {static analysis, security analysis},
} 

@inproceedings{PS08,
 author = {Pozza, Davide and Sisto, Riccardo},
 title = {A Lightweight Security Analyzer Inside {GCC}},
 booktitle = {Proceedings of the 2008 Third International Conference on Availability, Reliability and Security},
 series = {ARES '08},
 year = {2008},
 isbn = {978-0-7695-3102-1},
 pages = {851--858},
 numpages = {8},
 publisher = {IEEE Computer Society},
 address = {Washington, DC, USA},
 keywords = {Bug Finding, Defensive Programming, Software Security, Static Analysis},
}

@inproceedings{EA03,
 author = {Engler, Dawson and Ashcraft, Ken},
 title = {Racer{X}: Effective, Static Detection of Race Conditions and Deadlocks},
 booktitle = {Proceedings of the Nineteenth ACM Symposium on Operating Systems Principles},
 series = {SOSP '03},
 year = {2003},
 isbn = {1-58113-757-5},
 location = {Bolton Landing, NY, USA},
 pages = {237--252},
 numpages = {16},
 publisher = {ACM},
 address = {New York, NY, USA},
 keywords = {deadlock detection, program checking, race detection},
} 

@inproceedings{CLLOSS02,
 author = {Choi, Jong-Deok and Lee, Keunwoo and Loginov, Alexey and O'Callahan, Robert and Sarkar, Vivek and Sridharan, Manu},
 title = {Efficient and Precise Datarace Detection for Multithreaded Object-oriented Programs},
 booktitle = {Proceedings of the ACM SIGPLAN 2002 Conference on Programming Language Design and Implementation},
 series = {PLDI '02},
 year = {2002},
 isbn = {1-58113-463-0},
 location = {Berlin, Germany},
 pages = {258--269},
 numpages = {12},
 publisher = {ACM},
 address = {New York, NY, USA},
 keywords = {dataraces, debugging, multithreaded programming, object-oriented programming, parallel programs, race conditions, static-dynamic co-analysis, synchronization},
}

@article{WO85,
 author = {Wilson, Cindy and Osterweil, Leon J.},
 title = {Omega A Data Flow Analysis Tool for the {C} Programming Language},
 journal = {IEEE Trans. Softw. Eng.},
 issue_date = {September 1985},
 volume = {11},
 number = {9},
 month = sep,
 year = {1985},
 issn = {0098-5589},
 pages = {832--838},
 numpages = {7},
 publisher = {IEEE Press},
 address = {Piscataway, NJ, USA},
 keywords = {Anomaly, data flow, error detection, flowgraph, static analysis, static analysis, Anomaly, data flow, error detection, flowgraph},
}

@inproceedings{OF76,
 author = {Osterweil, Leon J. and Fosdick, Lloyd D.},
 title = {Some Experience with {DAVE}: A Fortran Program Analyzer},
 booktitle = {Proceedings of the June 7-10, 1976, National Computer Conference and Exposition},
 series = {AFIPS '76},
 year = {1976},
 location = {New York, New York},
 pages = {909--915},
 numpages = {7},
 publisher = {ACM},
 address = {New York, NY, USA},
}

@article{OO92,
 author = {Olender, Kurt M. and Osterweil, Leon J.},
 title = {Interprocedural Static Analysis of Sequencing Constraints},
 journal = {ACM Trans. Softw. Eng. Methodol.},
 issue_date = {Jan. 1992},
 volume = {1},
 number = {1},
 month = jan,
 year = {1992},
 issn = {1049-331X},
 pages = {21--52},
 numpages = {32},
 publisher = {ACM},
 address = {New York, NY, USA},
 keywords = {error detection, interprocedural data flow analysis, sequencing constraints},
} 

@inproceedings{AWT07,
 author = {Abi-Antoun, Marwan and Wang, Daniel and Torr, Peter},
 title = {Checking Threat Modeling Data Flow Diagrams for Implementation Conformance and Security},
 booktitle = {Proceedings of the Twenty-second IEEE/ACM International Conference on Automated Software Engineering},
 series = {ASE '07},
 year = {2007},
 isbn = {978-1-59593-882-4},
 location = {Atlanta, Georgia, USA},
 pages = {393--396},
 numpages = {4},
 publisher = {ACM},
 address = {New York, NY, USA},
 keywords = {data flow diagrams, denial of service, information disclosure, reflexion models, security analysis, spoofing, tampering, threat modeling},
} 

@inproceedings{M97,
 author = {Moonen, Leon},
 title = {A Generic Architecture for Data Flow Analysis to Support Reverse Engineering},
 booktitle = {Proceedings of the 2Nd International Conference on Theory and Practice of Algebraic Specifications},
 series = {Algebraic'97},
 year = {1997},
 isbn = {3-540-76228-0},
 location = {Amsterdam, The Netherlands},
 pages = {10--10},
 numpages = {1},
 publisher = {British Computer Society},
 address = {Swinton, UK, UK},
 keywords = {data flow analysis, data flow representation language, program understanding, reverse engineering},
} 

@inproceedings{FS95,
 author = {Fritz, Douglas G. and Sargent, Robert G.},
 title = {An Overview of Hierarchical Control Flow Graph Models},
 booktitle = {Proceedings of the 27th Conference on Winter Simulation},
 series = {WSC '95},
 year = {1995},
 isbn = {0-7803-3018-8},
 location = {Arlington, Virginia, USA},
 pages = {1347--1355},
 numpages = {9},
 publisher = {IEEE Computer Society},
 address = {Washington, DC, USA},
} 

@article{F76,
 author = {Fosdick, Lloyd D. and Osterweil, Leon J.},
 title = {Data Flow Analysis in Software Reliability},
 journal = {ACM Comput. Surv.},
 issue_date = {Sept. 1976},
 volume = {8},
 number = {3},
 month = sep,
 year = {1976},
 issn = {0360-0300},
 pages = {305--330},
 numpages = {26},
 publisher = {ACM},
 address = {New York, NY, USA},
} 

@inproceedings{AZ05,
 author = {Anderson, Paul and Zarins, Mark},
 title = {The {C}ode{S}urfer Software Understanding Platform},
 booktitle = {Proceedings of the 13th International Workshop on Program Comprehension},
 series = {IWPC '05},
 year = {2005},
 isbn = {0-7695-2254-8},
 pages = {147--148},
 numpages = {2},
 publisher = {IEEE Computer Society},
 address = {Washington, DC, USA},
} 

@inproceedings{EKRKOV11,
 author = {Erdweg, Sebastian and Kats, Lennart C.L. and Rendel, Tillmann and K\"{a}stner, Christian and Ostermann, Klaus and Visser, Eelco},
 title = {Library-based Model-driven Software Development with {S}ugar{J}},
 booktitle = {Proceedings of the ACM International Conference Companion on Object Oriented Programming Systems Languages and Applications Companion},
 series = {SPLASH '11},
 year = {2011},
 isbn = {978-1-4503-0942-4},
 location = {Portland, Oregon, USA},
 pages = {17--18},
 numpages = {2},
 publisher = {ACM},
 address = {New York, NY, USA},
 keywords = {dsl embedding, language extensibility, language workbench, library},
} 


% Lexical Analysis

@INPROCEEDINGS{WFBA00,
    author = {David Wagner and Jeffrey S. Foster and Eric A. Brewer and Alexander Aiken},
    title = {A First Step towards Automated Detection of Buffer Overrun Vulnerabilities},
    booktitle = {Proceeding of the Network and Distributed System Security Symposium (NDSS)},
    year = {2000},
    pages = {3--17}
}

@inproceedings{KZCSZ07,
 author = {Kong, Deguang and Zheng, Quan and Chen, Chao and Shuai, Jianmei and Zhu, Ming},
 title = {{ISA}: A Source Code Static Vulnerability Detection System Based on Data Fusion},
 booktitle = {Proceedings of the 2Nd International Conference on Scalable Information Systems},
 series = {InfoScale '07},
 year = {2007},
 isbn = {978-1-59593-757-5},
 location = {Suzhou, China},
 pages = {55:1--55:7},
 publisher = {ICST (Institute for Computer Sciences, Social-Informatics and Telecommunications Engineering)},
 address = {ICST, Brussels, Belgium, Belgium},
 keywords = {data fusion, static analysis, vulnerability},
} 


@inproceedings{VBKM00,
  author = {Viega, John and Bloch, J. T. and Kohno, Y. and McGraw, Gary},
  booktitle = {ACSAC},
  date = {2004-04-30},
  isbn = {0-7695-0859-6},
  keywords = {dblp},
  pages = {257-},
  publisher = {IEEE Computer Society},
  title = {{ITS}4: A Static Vulnerability Scanner for {C} and {C}++ Code.},
  year = 2000
}

@article{VBKM02,
 author = {John Viega and J. T. Bloch and Tadayoshi Kohno and Gary McGraw},
 title = {Token-based scanning of source code for security problems},
 journal = {ACM Trans. Inf. Syst. Secur.},
 volume = {5},
 number = {3},
 year = {2002},
 issn = {1094-9224},
 pages = {238--261},
 publisher = {ACM},
 address = {New York, NY, USA},
 }

@article{M08,
  added-at = {2009-05-18T00:00:00.000+0200},
  author = {McGraw, Gary},
  date = {2009-05-18},
  description = {dblp},
  journal = {IEEE Computer},
  keywords = {dblp},
  number = 12,
  pages = {108-111},
  title = {Automated Code Review Tools for Security.},
  volume = 41,
  year = 2008
}

@article{HP04,
 author = {Hovemeyer, David and Pugh, William},
 title = {Finding bugs is easy},
 journal = {SIGPLAN Not.},
 issue_date = {December 2004},
 volume = {39},
 number = {12},
 month = dec,
 year = {2004},
 issn = {0362-1340},
 pages = {92--106},
 numpages = {15},
 publisher = {ACM},
 address = {New York, NY, USA},
}

@book{ALSU06,
 author = {Aho, A. V. and Lam, M. S. and Sethi, R. and Ullman, J. D.},
 title = {Compilers: Principles, Techniques, and Tools (2nd Edition)},
 year = 2006,
 isbn = {0321486811},
 publisher = {Addison-Wesley Longman Publishing Co., Inc.},
} 

@article{CM04,
 author = {Brian Chess and Gary McGraw},
 title = {Static Analysis for Security},
 journal = {IEEE Security and Privacy},
 volume = {2},
 number = {6},
 year = {2004},
 issn = {1540-7993},
 pages = {76--79},
 publisher = {IEEE Educational Activities Department},
 address = {Piscataway, NJ, USA},
}

@ARTICLE{ZSL04,
    author = {Misha Zitser and D. E. Shaw Group and Tim Leek},
    title = {Testing static analysis tools using exploitable buffer overflows from open source code},
    journal = {SIGSOFT Softw. Eng. Notes},
    year = {2004},
}

@book{CW07a,
 author = {Brian Chess and Jacob West},
 title = {Secure programming with static analysis},
 year = {2007},
 isbn = {9780321424778},
 publisher = {Addison-Wesley Professional},
 }
 
 @article{C03,
 author = {Crispin Cowan},
 title = {Software Security for Open-Source Systems},
 journal = {IEEE Security and Privacy},
 volume = {1},
 number = {1},
 year = {2003},
 issn = {1540-7993},
 pages = {38--45},
 publisher = {IEEE Educational Activities Department},
 address = {Piscataway, NJ, USA},
 }
 
% Data Flow Analysis

@inproceedings{CM01,
 author = {Cahoon, Brendon and McKinley, Kathryn S.},
 title = {Data Flow Analysis for Software Prefetching Linked Data Structures in Java},
 booktitle = {Proceedings of the 2001 International Conference on Parallel Architectures and Compilation Techniques},
 series = {PACT '01},
 year = {2001},
 isbn = {0-7695-1363-8},
 pages = {280--291},
 numpages = {12},
 publisher = {IEEE Computer Society},
 address = {Washington, DC, USA},
} 
 
@inproceedings{AJ06,
 author = {Aggarwal, Ashish and Jalote, Pankaj},
 title = {Integrating Static and Dynamic Analysis for Detecting Vulnerabilities},
 booktitle = {COMPSAC '06: Proceedings of the 30th Annual International Computer Software and Applications Conference (COMPSAC'06)},
 year = {2006},
 isbn = {0-7695-2655-1},
 pages = {343--350},
 publisher = {IEEE Computer Society},
 address = {Washington, DC, USA},
 }

@article{EL02,
 author = {Evans, David and Larochelle, David},
 title = {Improving Security Using Extensible Lightweight Static Analysis},
 journal = {IEEE Softw.},
 volume = {19},
 number = {1},
 year = {2002},
 issn = {0740-7459},
 pages = {42--51},
 publisher = {IEEE Computer Society Press},
 address = {Los Alamitos, CA, USA},
 }
 
% Type Security
 
@inproceedings{MK05,
 author = {Russell A. McClure and Ingolf H. Kr\"{u}ger},
 title = {{SQL DOM}: Compile Time Checking of Dynamic {SQL} statements},
 booktitle = {ICSE '05: Proceedings of the 27th International Conference on Software Engineering},
 year = {2005},
 isbn = {1-59593-963-2},
 pages = {88--96},
 location = {St. Louis, MO, USA},
}

@inproceedings{CR05,
 author= {Cook, W.R. and Rai, S.},
 title= {Safe query objects: statically typed objects as remotely executable queries},
 booktitle= {ICSE 2005: 27th International Conference on Software Engineering},
 pages= {97--106},
 year = {2005},
}

% AMNESIA Projects

@inproceedings{HO05,
 author = {William G. J. Halfond and Alessandro Orso},
 title = {Combining static analysis and runtime monitoring to counter {SQL}-injection attacks},
 booktitle = {WODA '05: Proceedings of the Third International Workshop on Dynamic Analysis},
 year = 2005,
 isbn = {1-59593-126-0},
 pages = {1--7},
 location = {St. Louis, Missouri},
 publisher = {ACM Press},
 address = {New York, NY, USA},
}


@inproceedings{HO06,
 author = "W. G. Halfond and A. Orso",
 title = "Preventing {SQL} injection attacks using {AMNESIA}",
 booktitle = "ICSE 2006: Proceedings of the 28th International Conference on Software Engineering",
 location = "Shanghai, China",
 publisher = "ACM Press",
 pages = "795-798",
 month = May,
 year = "2006",
}

@inproceedings{HO05b,
 author = "W. G. Halfond and A. Orso",
 title = "{AMNESIA}: analysis and monitoring for Neutralizing {SQL}-injection attacks",
 booktitle = "Proceedings of the 20th  IEEE/ACM international Conference on Automated Software Engineering",
 location = "Long Beach, CA, USA",
 publisher = "ACM Press",
 pages = "174-183",
 month = nov,
 year = "2005",
}

% end

@inproceedings{BRDV07,
 publisher = {ACM},
 isbn = {978-1-59593-855-8},
 title = {Preventing injection attacks with syntax embeddings},
 booktitle = {GPCE '07: Proceedings of the 6th international conference on Generative programming and component engineering},
 author = {Martin Bravenboer and Eelco Dolstra and Eelco Visser},
 location = {Salzburg, Austria},
 year = 2007,
 pages = {3--12},
 address = {New York, NY, USA},
}

@article{Den87,
 author = "Dorothy Elizabeth Robling Denning",
 title = "An Intrusion Detection Model",
 journal = "IEEE Transactions on Software Engineering",
 pages = "222--232",
 volume = 13,
 month = feb,
 number = 2,
 year = 1987
}

@inproceedings{JK06,
 author = {Nenad Jovanovic and Christopher Kruegel and Engin Kirda},
 title = {Pixy: A Static Analysis Tool for Detecting Web Application Vulnerabilities (Short Paper)},
 booktitle = {SP '06: Proceedings of the 2006 IEEE Symposium on Security and Privacy},
 year = 2006,
 isbn = {0-7695-2574-1},
 pages = {258--263},
 publisher = {IEEE Computer Society},
 address = {Washington, DC, USA},
}

% ISR approaches

@inproceedings{PRZB11,
 author = {Popa, Raluca Ada and Redfield, Catherine M. S. and Zeldovich, Nickolai and Balakrishnan, Hari},
 title = {Crypt{DB}: Protecting Confidentiality with Encrypted Query Processing},
 booktitle = {Proceedings of the Twenty-Third ACM Symposium on Operating Systems Principles},
 series = {SOSP '11},
 year = {2011},
 isbn = {978-1-4503-0977-6},
 location = {Cascais, Portugal},
 pages = {85--100},
 numpages = {16},
 publisher = {ACM},
 address = {New York, NY, USA},
}

@inproceedings{HHWFDEKNR06,
 author = {Hu, Wei and Hiser, Jason and Williams, Dan and Filipi, Adrian and Davidson, Jack W. and Evans, David and Knight, John C. and Nguyen-Tuong, Anh and Rowanhill, Jonathan},
 title = {Secure and practical defense against code-injection attacks using software dynamic translation},
 booktitle = {VEE '06: Proceedings of the 2nd international conference on Virtual execution environments},
 year = {2006},
 isbn = {1-59593-332-6},
 pages = {2--12},
 location = {Ottawa, Ontario, Canada},
 publisher = {ACM},
 address = {New York, NY, USA},
 }

@article{K09b,
 author = {Keromytis, Angelos D.},
 title = {Randomized Instruction Sets and Runtime Environments Past Research and Future Directions},
 journal = {IEEE Security and Privacy},
 issue_date = {January 2009},
 volume = {7},
 number = {1},
 month = jan,
 year = {2009},
 issn = {1540-7993},
 pages = {18--25},
 numpages = {8},
 publisher = {IEEE Educational Activities Department},
 address = {Piscataway, NJ, USA},
 keywords = {IT Monoculture, SQL injection, artificial diversity, code injection, code randomization, cross-site scripting, randomized runtimes and languages, randomized runtimes and languages, code injection, code randomization, SQL injection, cross-site scripting, artificial diversity, IT Monoculture},
} 

@inproceedings{KKP03,
 author = {Kc, Gaurav S. and Keromytis, Angelos D. and Prevelakis, Vassilis},
 title = {Countering code-injection attacks with instruction-set randomization},
 booktitle = {CCS '03: Proceedings of the 10th ACM conference on Computer and communications security},
 year = 2003,
 isbn = {1-58113-738-9},
 pages = {272--280},
 location = {Washington D.C., USA},
 publisher = {ACM},
 address = {New York, NY, USA},
}

@inproceedings{BAFPSZ03,
 author = "E. Barrantes and D. Ackley and S. Forrest and T. Palmer and D. Stefanovic and D. Zovi",
 title = "Randomized Instruction Set Emulation to Disrupt Binary Code Injection Attacks",
 booktitle="CCS 2003: Proceedings of the 10th ACM Conference on Computer and Communications Security",
 pages="281--289",
 month=oct,
 year = "2003",
}
  
% More practical

@inproceedings{LE07,
 author = {Livshits, Benjamin and Erlingsson, \'{U}lfar},
 title = {Using web application construction frameworks to protect against code injection attacks},
 booktitle = {PLAS '07: Proceedings of the 2007 workshop on Programming languages and analysis for security},
 year = {2007},
 isbn = {978-1-59593-711-7},
 pages = {95--104},
 location = {San Diego, California, USA},
 publisher = {ACM},
 address = {New York, NY, USA},
 }
 
% Runtime Tainting

@inproceedings{HCF05,
 author = {Vivek Haldar and Deepak Chandra and Michael Franz},
 title = {Dynamic Taint Propagation for {J}ava},
 booktitle = {ACSAC '05: Proceedings of the 21st Annual Computer Security Applications Conference},
 year = {2005},
 isbn = {0-7695-2461-3},
 pages = {303--311},
 publisher = {IEEE Computer Society},
 address = {Washington, DC, USA},
} 
  
@inproceedings{JB07,
 author = {Johns, Martin and Beyerlein, Christian},
 title = {{SM}ask: preventing injection attacks in web applications by approximating automatic data/code separation},
 booktitle = {SAC '07: Proceedings of the 2007 ACM symposium on Applied computing},
 year = {2007},
 isbn = {1-59593-480-4},
 pages = {284--291},
 location = {Seoul, Korea},
 publisher = {ACM},
 address = {New York, NY, USA},
 }
  
  
% Query modifications


@inproceedings{BK04,
 author = "S. Boyd and A. Keromytis",
 title = "{SQL}rand: Preventing {SQL} injection attacks",
 editor = "Jakobsson, M. and Yung, M. and Zhou, J.",
 booktitle="Proceedings of the 2nd Applied Cryptography and Network Security (ACNS) Conference",
 note="Lecture Notes in Computer Science Volume 3089",
 publisher="Springer-Verlag",
 pages="292--304",
 year = "2004",
}


% Dynamic Data Flow Analysis

@article{WPLZ10,
 author = {Wang, Xinran and Pan, Chi-Chun and Liu, Peng and Zhu, Sencun},
 title = {Sig{F}ree: A Signature-Free Buffer Overflow Attack Blocker},
 journal = {IEEE Trans. Dependable Secur. Comput.},
 volume = {7},
 number = {1},
 year = {2010},
 issn = {1545-5971},
 pages = {65--79},
 publisher = {IEEE Computer Society Press},
 address = {Los Alamitos, CA, USA},
 }
 
% Static and Dynamic
 
@inproceedings{MLL05,
 author = {Michael Martin and Benjamin Livshits and Monica S. Lam},
 title = {Finding application errors and security flaws using {PQL}: a program query language},
 booktitle = {OOPSLA '05: Proceedings of the 20th Annual ACM SIGPLAN Conference on Object Oriented Programming, Systems, Languages, and Applications},
 year = {2005},
 isbn = {1-59593-031-0},
 pages = {365--383},
 location = {San Diego, CA, USA},
 publisher = {ACM Press},
 address = {New York, NY, USA},
}

% Learning - Signatures

@inproceedings{PMP11,
 author = {Papagiannis, Ioannis and Migliavacca, Matteo and Pietzuch, Peter},
 title = {PHP Aspis: Using Partial Taint Tracking to Protect Against Injection Attacks},
 booktitle = {Proceedings of the 2Nd USENIX Conference on Web Application Development},
 series = {WebApps'11},
 year = {2011},
 location = {Portland, OR},
 pages = {2--2},
 numpages = {1},
 publisher = {USENIX Association},
 address = {Berkeley, CA, USA},
} 

@inproceedings{VMV05,
 author={Fredrik Valeur and Darren Mutz and Giovanni Vigna},
 title={A Learning-Based Approach to the Detection of {SQL} Attacks},
 booktitle={Intrusion and Malware Detection and Vulnerability Assessment: Second International Conference, DIMVA 2005},
 editor="Klaus Julisch and Christopher Kruegel",
 pages={123--140},
 location="Vienna, Austria",
 month=jul,
 note="Lecture Notes in Computer Science 3548",
 year={2005},
 DOI={10.1007/11506881_8},
}

@inproceedings{LLW02,
 author = {Sin Yeung Lee and Wai Lup Low and Pei Yuen Wong},
 title = {Learning Fingerprints for a Database Intrusion Detection System},
 booktitle = {ESORICS '02: Proceedings of the 7th European Symposium on Research in Computer Security},
 Location="Zurich, Switzerland",
 editor={Dieter Gollmann and G\"{u}nter Karjoth and Michael Waidner},
 year = {2002},
 isbn = {3-540-44345-2},
 pages = {264--280},
 publisher = {Springer-Verlag},
 address = {London, UK},
 note="Lecture Notes In Computer Science 2502",
}

@article{MMJ05,
 author = {Milenkovi\'{c}, Milena and Milenkovi\'{c}, Aleksandar and Jovanov, Emil},
 title = {Using instruction block signatures to counter code injection attacks},
 journal = {SIGARCH Comput. Archit. News},
 volume = {33},
 number = {1},
 year = {2005},
 issn = {0163-5964},
 pages = {108--117},
 publisher = {ACM},
 address = {New York, NY, USA},
 }

@article{MS09,
 title = "{SDriver}: Location-Specific Signatures Prevent {SQL} Injection Attacks",
 author = "Dimitris Mitropoulos and Diomidis Spinellis",
 month = "May/June",
 journal = "Computers and Security",
 issn = "0167-4048",
 volume = 28,
 pages = "121--129",
 year = 2009,
}

@Article{MKLS11,
  author = "Dimitris Mitropoulos and Vassilios Karakoidas and Panagiotis Louridas and Diomidis Spinellis",
  title = "Countering Code Injection Attacks: A Unified Approach",
  journal  = "Information Management and Computer Security",
  ISSN="0968-5227",
  Pages = "177--194",
  year = "2011",
  volume =  "19",
    number =  "3"
}

@inproceedings{MKS09,
 author = "Dimitris Mitropoulos and Vassilios Karakoidas and Diomidis Spinellis",
 title = "Fortifying Applications Against {XP}ath Injection Attacks",
 booktitle = "MCIS 2009: 4th {M}editerranean Conference on Information Systems",
 pages = "1169--1179",
 location = "Athens, Greece",
 month = sep,
 year = 2009,
 editor = "Poulymenakou, A. and Pouloudi, N. and Pramatari, K.",
}

@inproceedings{YUWA09,
 author = {Chuan Yue and Haining Wang},
 title = {Characterizing insecure javascript practices on the Web},
 booktitle = {WWW '09: Proceedings of the 18th International Conference on World wide web},
 year = 2009,
 isbn = {978-1-60558-487-4},
 pages = {961--970},
 location = {Madrid, Spain},
 publisher = {ACM},
 address = {New York, NY, USA},
}

% eval 

@inproceedings{EWKK09,
 author = {Egele, Manuel and Wurzinger, Peter and Kruegel, Christopher and Kirda, Engin},
 title = {Defending Browsers against Drive-by Downloads: Mitigating Heap-Spraying Code Injection Attacks},
 booktitle = {DIMVA '09: Proceedings of the 6th International Conference on Detection of Intrusions and Malware, and Vulnerability Assessment},
 year = {2009},
 isbn = {978-3-642-02917-2},
 pages = {88--106},
 location = {Como, Italy},
 publisher = {Springer-Verlag},
 address = {Berlin, Heidelberg},
 }

% XSS

 @inproceedings{SZ09,
 author = {Shahriar, H. and Zulkernine, M.},
 title = {{MUTEC}: Mutation-based testing of Cross Site Scripting},
 booktitle = {IWSESS '09: Proceedings of the 2009 ICSE Workshop on Software Engineering for Secure Systems},
 year = {2009},
 isbn = {978-1-4244-3725-2},
 pages = {47--53},
 publisher = {IEEE Computer Society},
 address = {Washington, DC, USA},
 }

 @inproceedings{CMJL09,
 author = {Chugh, Ravi and Meister, Jeffrey A. and Jhala, Ranjit and Lerner, Sorin},
 title = {Staged information flow for javascript},
 booktitle = {PLDI '09: Proceedings of the 2009 ACM SIGPLAN conference on Programming language design and implementation},
 year = {2009},
 isbn = {978-1-60558-392-1},
 pages = {50--62},
 location = {Dublin, Ireland},
 publisher = {ACM},
 address = {New York, NY, USA},
 }

@inproceedings{YCIS07,
 author = {Yu, Dachuan and Chander, Ajay and Islam, Nayeem and Serikov, Igor},
 title = {JavaScript instrumentation for browser security},
 booktitle = {POPL '07: Proceedings of the 34th annual ACM SIGPLAN-SIGACT Symposium on Principles of programming languages},
 year = {2007},
 isbn = {1-59593-575-4},
 pages = {237--249},
 location = {Nice, France},
 publisher = {ACM},
 address = {New York, NY, USA},
 }

% Chapter 3.

@article{K07,
 author = {Krivine, Jean-Louis},
 title = {A Call-by-name Lambda-calculus Machine},
 journal = {Higher Order Symbol. Comput.},
 issue_date = {September 2007},
 volume = {20},
 number = {3},
 month = sep,
 year = {2007},
 issn = {1388-3690},
 pages = {199--207},
 numpages = {9},
 publisher = {Kluwer Academic Publishers},
 address = {Hingham, MA, USA},
 keywords = {Control instruction, Curry-Howard correspondence, Lambda-calculus machine},
}

@inproceedings{BO07,
 author = {Blum, William and Ong, C.-H. Luke},
 title = {The Safe Lambda Calculus},
 booktitle = {Proceedings of the 8th International Conference on Typed Lambda Calculi and Applications},
 series = {TLCA'07},
 year = {2007},
 isbn = {978-3-540-73227-3},
 location = {Paris, France},
 pages = {39--53},
 numpages = {15},
 publisher = {Springer-Verlag},
 address = {Berlin, Heidelberg},
} 

@book{D09,
author = {R. Kent Dybvig},
title = {The {Scheme} Programming Language},
publisher = {{MIT} Press},
edition = {Fourth},
year = 2009,
annote = {Introduction and reference manual for R6RS Scheme with
numerous short and extended examples and exercises.}}

@article{R00,
 author = {Ramirez, Ariel Ortiz},
 title = {Three-Tier Architecture},
 journal = {Linux J.},
 issue_date = {July 2000},
 volume = {2000},
 number = {75es},
 month = jul,
 year = {2000},
 issn = {1075-3583},
 articleno = {7},
 publisher = {Belltown Media},
 address = {Houston, TX},
}

@article{SZ12,
 author = {Shahriar, Hossain and Zulkernine, Mohammad},
 title = {Mitigating program security vulnerabilities: Approaches and challenges},
 journal = {ACM Comput. Surv.},
 issue_date = {June 2012},
 volume = {44},
 number = {3},
 month = jun,
 year = {2012},
 issn = {0360-0300},
 pages = {11:1--11:46},
 articleno = {11},
 numpages = {46},
 publisher = {ACM},
 address = {New York, NY, USA},
 keywords = {Program security vulnerability mitigation, hybrid analysis, patching, program transformation, secure programming, static analysis, vulnerability testing},
} 

@inproceedings{BCL08,
 author = {Baca, Dejan and Carlsson, Bengt and Lundberg, Lars},
 title = {Evaluating the cost reduction of static code analysis for software security},
 booktitle = {Proceedings of the third ACM SIGPLAN workshop on Programming languages and analysis for security},
 series = {PLAS '08},
 year = {2008},
 isbn = {978-1-59593-936-4},
 location = {Tucson, AZ, USA},
 pages = {79--88},
 numpages = {10},
 publisher = {ACM},
 address = {New York, NY, USA},
 keywords = {cost reduction, coverity prevent, early fault detection, false positive, security, source code, static code analysis, trouble report},
} 

@inproceedings{TW07,
    author = {Rahul Telang and Sunil Wattal},
    title = {Impact of Software Vulnerability Announcements on the Market Value of Software Vendors - An Empirical Investigation},
    booktitle = {Workshop on the Economics of Information Security},
    year = {2007},
    pages = {677427}
}

@inproceedings{LS97,
 author = {Lindig, Christian and Snelting, Gregor},
 title = {Assessing modular structure of legacy code based on mathematical concept analysis},
 booktitle = {Proceedings of the 19th international conference on Software engineering},
 series = {ICSE '97},
 year = {1997},
 isbn = {0-89791-914-9},
 location = {Boston, Massachusetts, USA},
 pages = {349--359},
 numpages = {11},
 publisher = {ACM},
 address = {New York, NY, USA},
 keywords = {concept analysis, modularization, reengineering},
}

@inproceedings{WS04,
  author = {Gary Wassermann and Zhendong Su},
  title = {An Analysis Framework for Security in Web Applications},
  booktitle = {SAVCBS 2004: Proceedings of the FSE Workshop on Specification and Verification of Component-Based Systems},
  pages = {70--78},
  year = {2004},
  location = {Newport Beach, CA},
}

@InProceedings{Hen03,
  author = "Val Henson",
  title = "An Analysis of Compare-by-hash",
  Booktitle="Proceedings of HotOS IX: The 9th Workshop on Hot Topics in Operating Systems",
  pages="13--18",
  Month=may,
  year = "2003",
  Address="Berkeley, CA",
  Organization="USENIX Association",
  Location="Lihue, Hawaii",
}

@article{MHS05,
  publisher =  {ACM Press},
  author =   {Marjan Mernik and Jan Heering and Anthony M. Sloane},
  journal =  {ACM Computing Surveys},
  issn =   {0360-0300},
  number =   4,
  filename =
              {/Users/bkarak/devel/bkarak-svn/bibliography/reading/papers/ecoop08.bib},
  volume =   37,
  year =   2005,
  address =  {New York, NY, USA},
  title =  {When and how to develop domain-specific languages},
  pages =  {316--344},
}

@inproceedings{DF06,
    author = {Di Paola, S. and Fedon, G.},
    booktitle = {Proceedings of the 23rd CCC Conference},
    month = December,
    title = {Subverting {A}jax},
    year = {2006}
}

@book{F06,
 author = {Flanagan, David},
 title = {Java{S}cript: The Definitive Guide},
 year = {2006},
 isbn = {0596101996},
 publisher = {O'Reilly Media, Inc.},
} 

@book{JWC07,
 author = {Johnson, David and White, Alexei and Charland, Andre},
 title = {Enterprise {AJAX}: Strategies for Building High Performance Web Applications},
 year = {2007},
 isbn = {0132242060},
 publisher = {Prentice Hall PTR},
 address = {Upper Saddle River, NJ, USA},
}

% Chapter 4

@book{DP94,
  Publisher = {Addison-Wesley},
  Isbn = {0201633612},
  Title = {Design Patterns: Elements of Reusable Object-Oriented Software},
  Author = {Erich Gamma and Richard Helm and Ralph Johnson and John Vlissides},
  Filename = {/Users/bkarak/devel/bkarak-svn/bibliography/reading/papers/dsl-biblio.bib},
  Year = {1994},
  Address = {Indianapolis, IN 46920},
}

@article{AMETCSSBY11,
 author = {Ansel, Jason and Marchenko, Petr and Erlingsson, \'{U}lfar and Taylor, Elijah and Chen, Brad and Schuff, Derek L. and Sehr, David and Biffle, Cliff L. and Yee, Bennet},
 title = {Language-independent sandboxing of just-in-time compilation and self-modifying code},
 journal = {SIGPLAN Not.},
 issue_date = {June 2011},
 volume = {46},
 number = {6},
 month = jun,
 year = {2011},
 issn = {0362-1340},
 pages = {355--366},
 numpages = {12},
 publisher = {ACM},
 address = {New York, NY, USA},
 keywords = {just-in-time compilation, sandboxing, security, self-modifying code, software fault isolation},
}

@inproceedings{ADJMT11,
 author = {Artzi, Shay and Dolby, Julian and Jensen, Simon Holm and M{\o}ller, Anders and Tip, Frank},
 title = {A framework for automated testing of javascript web applications},
 booktitle = {Proceedings of the 33rd International Conference on Software Engineering},
 series = {ICSE '11},
 year = {2011},
 isbn = {978-1-4503-0445-0},
 location = {Waikiki, Honolulu, HI, USA},
 pages = {571--580},
 numpages = {10},
 publisher = {ACM},
 address = {New York, NY, USA},
 keywords = {ajax, automated testing, debugging, event driven, javascript, random testing, web applications},
} 

@inproceedings{MD09,
 author = {Mesbah, Ali and van Deursen, Arie},
 title = {Invariant-based automatic testing of {AJAX} user interfaces},
 booktitle = {Proceedings of the 31st International Conference on Software Engineering},
 series = {ICSE '09},
 year = {2009},
 isbn = {978-1-4244-3453-4},
 pages = {210--220},
 numpages = {11},
 acmid = {1555037},
 publisher = {IEEE Computer Society},
 address = {Washington, DC, USA},
}

% Chapter 5 

@Book{9,
  title="Advanced {SQL} Injection in {SQL} Server Applications",
  author="C. Anley",
  year="2002",
  publisher ="Next Generation Security Software Ltd."
}

@InProceedings{13,
  author =       "W. G. Halfond and A. Orso",
  title =       "{AMNESIA}: analysis and monitoring for NEutralizing {SQL}-injection attacks",
  booktitle =    "Proceedings of the 20th  IEEE/ACM international Conference on Automated Software Engineering",
  location =     "Long Beach, CA, USA",
  publisher =    "ACM Press",
  pages =       "174-183",
  month =       nov,
  year =         "2005",
}

@Book{Knu73b,
  Author="Donald E. Knuth",
  Title="The Art of Computer Programming",
  Volume="3: Sorting and Searching",
  Publisher="Addison-Wesley",
  Address="Reading, MA",
  Year="1973",
  NewISBN="0201896850",
  ISBN="0-201-03803-X",
  Keys="dds"
  }

@inproceedings{APKLM10,
 author = {Athanasopoulos, Elias and Pappas, Vasilis and Krithinakis, Antonis and Ligouras, Spyros and Markatos, Evangelos P. and Karagiannis, Thomas},
 title = {x{\sc js}: practical {\sc xss} prevention for web application development},
 booktitle = {Proceedings of the 2010 USENIX conference on Web application development},
 series = {WebApps'10},
 year = {2010},
 location = {Boston, MA},
 pages = {13--13},
 numpages = {1},
 publisher = {USENIX Association},
 address = {Berkeley, CA, USA},
}

@inproceedings{NSS06,
 author = {Yacin Nadji and Prateek Saxena and Dawn Song},
 title = {Document Structure Integrity: A Robust Basis for Cross-site Scripting Defense},
 booktitle = {Proceedings of the 22nd Annual Computer Security Applications Conference},
 series = {ACSAC ’06},
 year = {2006},
 pages = {463--472},
 publisher = {IEEE Computer Society},
 address = {Washington, DC, USA},
}

@inproceedings{WS02,
 author = {Wagner, David and Soto, Paolo},
 title = {Mimicry attacks on host-based intrusion detection systems},
 booktitle = {Proceedings of the 9th ACM conference on Computer and communications security},
 series = {CCS '02},
 year = {2002},
 isbn = {1-58113-612-9},
 location = {Washington, DC, USA},
 pages = {255--264},
 numpages = {10},
 publisher = {ACM},
 address = {New York, NY, USA},
}

@inproceedings{GBE07,
 author = {Georges, Andy and Buytaert, Dries and Eeckhout, Lieven},
 title = {Adding rigorous statistics to the {J}ava benchmarker's toolbox},
 booktitle = {Companion to the 22nd ACM SIGPLAN conference on Object-oriented programming systems and applications companion},
 series = {OOPSLA '07},
 year = {2007},
 isbn = {978-1-59593-865-7},
 location = {Montreal, Quebec, Canada},
 pages = {793--794},
 numpages = {2},
 publisher = {ACM},
 address = {New York, NY, USA},
}

% Appendices

@misc{B96,
   author = "Boyd Roberts",
   title = "Credit {L}yonnais Fire",
   year = "1996",
   url = "http://en.wikipedia.org/w/index.php?title=Plagiarism&oldid=5139350",
   note = "[Online; accessed 30-January-2012]"
 }

@inproceedings{HA99,
 author = {Hagen, Claus and Alonso, Gustavo},
 title = {Highly Available Process Support Systems: Implementing Backup Mechanisms},
 booktitle = {Proceedings of the 18th IEEE Symposium on Reliable Distributed Systems},
 series = {SRDS '99},
 year = {1999},
 isbn = {0-7695-0290-3},
 pages = {112--},
 publisher = {IEEE Computer Society},
 address = {Washington, DC, USA},
} 

@misc{K09,
   author = "Kabboza",
   title = "Global Backup Survey",
   year = "2009",
   url = "http://www.kabooza.com/globalsurvey.html",
   note = "[Online; accessed 30-January-2012]"
 }

@misc{O08,
   author = "Brent Ozar",
   title = "Backup Best Practices",
   year = "2008",
   url = "http://www.brentozar.com/sql/backup-best-practices/",
   note = "[Online; accessed 02-February-2012]"
 }


@inproceedings{SMSR08,
 author = {Strodl, Stephan and Motlik, Florian and Stadler, Kevin and Rauber, Andreas},
 title = {Personal \& {SOHO} archiving},
 booktitle = {Proceedings of the 8th ACM/IEEE-CS joint conference on Digital libraries},
 series = {JCDL '08},
 year = {2008},
 isbn = {978-1-59593-998-2},
 location = {Pittsburgh PA, PA, USA},
 pages = {115--123},
 numpages = {9},
 publisher = {ACM},
 address = {New York, NY, USA},
 keywords = {SOHO, digital preservation, home archiving, home user, long term access, personal archiving},
}

@inproceedings{EOMC11,
 author = {Enck, William and Octeau, Damien and McDaniel, Patrick and Chaudhuri, Swarat},
 title = {A study of android application security},
 booktitle = {Proceedings of the 20th USENIX conference on Security},
 series = {SEC'11},
 year = {2011},
 location = {San Francisco, CA},
 pages = {21--21},
 numpages = {1},
 publisher = {USENIX Association},
 address = {Berkeley, CA, USA},
}

@inproceedings{CFBS10,
 author = {Clark, Sandy and Frei, Stefan and Blaze, Matt and Smith, Jonathan},
 title = {Familiarity Breeds Contempt: The Honeymoon Effect and the Role of Legacy Code in Zero-day Vulnerabilities},
 booktitle = {Proceedings of the 26th Annual Computer Security Applications Conference},
 series = {ACSAC '10},
 year = {2010},
 isbn = {978-1-4503-0133-6},
 location = {Austin, Texas},
 pages = {251--260},
 numpages = {10},
 publisher = {ACM},
 address = {New York, NY, USA},
} 

@book{S11,
 author = {Sparks, David},
 title = {Mac at Work},
 year = {2011},
 isbn = {9780470877005},
 edition = {1st},
 publisher = {Wiley Publishing},
} 

@inproceedings{VSV9,
 author = {Vrable, Michael and Savage, Stefan and Voelker, Geoffrey M.},
 title = {Cumulus: filesystem backup to the cloud},
 booktitle = {Proccedings of the 7th conference on File and storage technologies},
 year = {2009},
 location = {San Francisco, California},
 pages = {225--238},
 numpages = {14},
 acmid = {1525925},
 publisher = {USENIX Association},
 address = {Berkeley, CA, USA},
}

@rfc{H97b,
 author = {Howes, T. and Smith, M.},
 title = {The {LDAP} {URL} Format},
 year = {1997},
 publisher = {RFC Editor},
 address = {United States},
} 

@book{S02,
 author = {Shirazi, Jack},
 title = {Java Performance Tuning},
 year = {2002},
 isbn = {0596003773},
 edition = {2nd},
 publisher = {O'Reilly \& Associates, Inc.},
 address = {Sebastopol, CA, USA},
} 

@article{XRY09,
 author = {Xiao, Weijun and Ren, Jin and Yang, Qing},
 title = {A Case for Continuous Data Protection at Block Level in Disk Array Storages},
 journal = {IEEE Trans. Parallel Distrib. Syst.},
 volume = {20},
 issue = {6},
 month = {June},
 year = {2009},
 issn = {1045-9219},
 pages = {898--911},
 numpages = {14},
 publisher = {IEEE Press},
 address = {Piscataway, NJ, USA},
} 

@techreport{T11,
   author = "Tandberg Data",
   title = "Guide to Data Protection Best Practices",
   year = "2011",
   url = "http://www.exabyte.com/support/online/documentation/whitepapers/basicbackup.pdf",
   institution = "Tandberg Data"
 }

@inbook{CVK98,
  title={Protecting file systems: A survey of backup techniques},
  volume={3}, url={citeseer.nj.nec.com/chervenak98protecting.html},
  booktitle={Joint NASA and IEEE Mass Storage Conference},
  publisher={Citeseer},
  author={Chervenak, A and Vellanki, V and Kurmas, Z},
  year={1998},
  pages={17--32}}

@article{M96,
 author = {Murphy, Malcolm},
 title = {Backup Strategy},
 journal = {Linux J.},
 issue_date = {Feb. 1996},
 volume = {1996},
 issue = {22es},
 month = feb,
 year = {1996},
 issn = {1075-3583},
 articleno = {1},
 publisher = {Belltown Media},
 address = {Houston, TX},
} 

@inproceedings{CHKKP07,
 author = {Courtes, Ludovic and Hamouda, Ossama and Kaaniche, Mohamed and Killijian, Marc-Olivier and Powell, David},
 title = {Dependability Evaluation of Cooperative Backup Strategies for Mobile Devices},
 booktitle = {Proceedings of the 13th Pacific Rim International Symposium on Dependable Computing},
 year = {2007},
 isbn = {0-7695-3054-0},
 pages = {139--146},
 numpages = {8},
 publisher = {IEEE Computer Society},
 address = {Washington, DC, USA},
} 

@techreport{KCP06,
   author = "Marc-Olivier Killijian and Ludovic Courtes and David Powell",
   title = "A Survey of Cooperative Backup Mechanisms",
   year = "2006",
   url = "http://spiderman-2.laas.fr/TSF/mosaic/documents/cooperative-backup-survey-06472.pdf",
   institution = "LAAS-CNRS"
 }

@inbook{NSSH95,
  title = {UNIX System Administration Handbook},
  publisher = {Prentice Hall, Inc. Upper Saddle River},
  author = {E. Nemeth and G. Snyder and S. Seebass and T. R. Hein},
  year = {1995},
}

@book{WZ04,
 author = {Wei-Dong, Jackie Zhu},
 title = {Content Manager Backup/Recovery and High Availability: Strategies, Options, and Procedures (IBM Redbooks)},
 year = {2004},
 isbn = {0738498203},
 publisher = {IBM Press},
} 

@inproceedings{KVADDORP06,
 author = {Kaye, Joseph 'Jofish' and Vertesi, Janet and Avery, Shari and Dafoe, Allan and David, Shay and Onaga, Lisa and Rosero, Ivan and Pinch, Trevor},
 title = {To have and to hold: exploring the personal archive},
 booktitle = {Proceedings of the SIGCHI conference on Human Factors in computing systems},
 series = {CHI '06},
 year = {2006},
 isbn = {1-59593-372-7},
 location = {Montr\&\#233;al, Qu\&\#233;bec, Canada},
 pages = {275--284},
 numpages = {10},
 publisher = {ACM},
 address = {New York, NY, USA},
 keywords = {archiving, bookmarks, email, ethnography, filing, identity},
} 

@article{GBL06,
 author = {Gemmell, Jim and Bell, Gordon and Lueder, Roger},
 title = {My{L}ife{B}its: a personal database for everything},
 journal = {Commun. ACM},
 volume = {49},
 issue = {1},
 month = {January},
 year = {2006},
 issn = {0001-0782},
 pages = {88--95},
 numpages = {8},
 acmid = {1107460},
 publisher = {ACM},
 address = {New York, NY, USA},
}

@book{I07,
 title = {Ibm tivoli storage manager: building a secure environment},
 year = {2007},
 isbn = {0738489263},
 publisher = {IBM Corp.},
 address = {Riverton, NJ, USA},
} 
@inproceedings{Anderson:2010:FSL:1924976.1924979,
 author = {Anderson, Paul and Zhang, Le},
 title = {Fast and secure laptop backups with encrypted de-duplication},
 booktitle = {Proceedings of the 24th international conference on Large installation system administration},
 series = {LISA'10},
 year = {2010},
 location = {San Jose, CA},
 pages = {1--8},
 numpages = {8},
 publisher = {USENIX Association},
 address = {Berkeley, CA, USA},
 keywords = {backup, cloud computing, de-duplication, encryption},
} 

@inproceedings{AZ10,
 author = {Anderson, Paul and Zhang, Le},
 title = {Fast and secure laptop backups with encrypted de-duplication},
 booktitle = {Proceedings of the 24th international conference on Large installation system administration},
 series = {LISA'10},
 year = {2010},
 location = {San Jose, CA},
 pages = {1--8},
 numpages = {8},
 publisher = {USENIX Association},
 address = {Berkeley, CA, USA},
 keywords = {backup, cloud computing, de-duplication, encryption},
} 

@book{PS02,
  title={Backups and recovery},
  author={Preston, W.C. and Skelly, H.},
  isbn={9781931971027},
  series={Short topics in system administration},
  url={http://books.google.gr/books?id=4MhQAAAAMAAJ},
  year={2002},
  publisher={USENIX}
}

@inproceedings{QD02,
 author = {Quinlan, Sean and Dorward, Sean},
 title = {Venti: A New Approach to Archival Data Storage},
 booktitle = {Proceedings of the 1st USENIX Conference on File and Storage Technologies},
 series = {FAST '02},
 year = {2002},
 location = {Monterey, CA},
 articleno = {7},
 publisher = {USENIX Association},
 address = {Berkeley, CA, USA},
} 

@inproceedings{ZLP08,
 author = {Zhu, Benjamin and Li, Kai and Patterson, Hugo},
 title = {Avoiding the disk bottleneck in the data domain deduplication file system},
 booktitle = {Proceedings of the 6th USENIX Conference on File and Storage Technologies},
 series = {FAST'08},
 year = {2008},
 location = {San Jose, California},
 pages = {18:1--18:14},
 publisher = {USENIX Association},
 address = {Berkeley, CA, USA},
} 

@techreport{S01,
   author = "SANS Institute",
   title = "Backup Rotations - A Final Defense",
   year = "2001",
   url = "http://www.sans.org/reading_room/whitepapers/sysadmin/backup-rotations-final-defense_305",
   institution = "SANS Institute"
 }

@book{P07,
  author    = {W. Curtis Preston},
  title     = {Backup and recovery - inexpensive backup solutions for open
               systems: covers Windows, Linux, Unix, and OS X},
  publisher = {O'Reilly},
  year      = {2007},
  pages     = {I-XXVIII, 1-729},
}

@article{YPLG11,
 author = {You, Lawrence L. and Pollack, Kristal T. and Long, Darrell D. E. and Gopinath, K.},
 title = {{PRESIDIO}: A Framework for Efficient Archival Data Storage},
 journal = {Trans. Storage},
 issue_date = {July 2011},
 volume = {7},
 issue = {2},
 month = {July},
 year = {2011},
 issn = {1553-3077},
 pages = {6:1--6:60},
 publisher = {ACM},
 address = {New York, NY, USA},
 keywords = {Archival storage systems, CAS, content-addressable storage, data compression, progressive compression},
}

@techreport{S09,
    author = {Thomas, Susan},
    keywords = {digital\_preservation, personal\_digital\_archive},
    organization = {Bodleain Library},
    year = {2009},
    title = {{A Practical Approach to the Preservation of Personal Digital Archives}},
    url = {http://www.paradigm.ac.uk/projectdocs/jiscreports/ParadigmFinalReportv1.pdf}
}

@inproceedings{CMN02,
 author = {Cox, Landon P. and Murray, Christopher D. and Noble, Brian D.},
 title = {Pastiche: making backup cheap and easy},
 booktitle = {Proceedings of the 5th symposium on Operating systems design and implementation
Copyright restrictions prevent ACM from being able to make the PDFs for this conference available for downloading
},
 series = {OSDI '02},
 year = {2002},
 isbn = {978-1-4503-0111-4},
 location = {Boston, Massachusetts},
 pages = {285--298},
 numpages = {14},
 publisher = {ACM},
 address = {New York, NY, USA},
} 

@inproceedings{CN03,
 author = {Cox, Landon P. and Noble, Brian D.},
 title = {Samsara: honor among thieves in peer-to-peer storage},
 booktitle = {Proceedings of the nineteenth ACM symposium on Operating systems principles},
 series = {SOSP '03},
 year = {2003},
 isbn = {1-58113-757-5},
 location = {Bolton Landing, NY, USA},
 pages = {120--132},
 numpages = {13},
 publisher = {ACM},
 address = {New York, NY, USA},
 keywords = {distributed accounting, peer-to-peer storage systems},
}

@inproceedings{LZT04,
 author = {Landers, Martin and Zhang, Han and Tan, Kian-Lee},
 title = {Peer{S}tore: Better Performance by Relaxing in Peer-to-Peer Backup},
 booktitle = {Proceedings of the Fourth International Conference on Peer-to-Peer Computing},
 series = {P2P '04},
 year = {2004},
 isbn = {0-7695-2156-8},
 pages = {72--79},
 numpages = {8},
 publisher = {IEEE Computer Society},
 address = {Washington, DC, USA},
} 

@inproceedings{RB03,
 author = {Rasch, David and Burns, Randal},
 title = {In-place rsync: file synchronization for mobile and wireless devices},
 booktitle = {Proceedings of the annual conference on USENIX Annual Technical Conference},
 year = {2003},
 location = {San Antonio, Texas},
 pages = {15--15},
 numpages = {1},
 publisher = {USENIX Association},
 address = {Berkeley, CA, USA},
}

@inproceedings{GEHAK10,
 author = {Ghobadi, Alireza and Eswaran, C. and Ho, Chin-Kuan and Amoli, Payam Vahdani and Karimi, Roozbeh},
 title = {Automated tools for manipulating files in a distributed environment with {RSYNC}},
 booktitle = {Proceedings of the 12th international conference on Advanced communication technology},
 series = {ICACT'10},
 year = {2010},
 isbn = {978-1-4244-5427-3},
 location = {Gangwon-Do, South Korea},
 pages = {1383--1388},
 numpages = {6},
 publisher = {IEEE Press},
 address = {Piscataway, NJ, USA},
 keywords = {RSYNC, distributed file system, file sharing, wrapper RSYNC},
}
  
% E-VOTING

%
% MITM bibliography
%


% e-voting

@article{B05,
 author = {Schneier, Bruce},
 title = {Two-factor authentication: too little, too late},
 journal = {Commun. ACM},
 volume = {48},
 number = {4},
 year = {2005},
 issn = {0001-0782},
 pages = {136},
 publisher = {ACM},
 address = {New York, NY, USA},
 }

@inproceedings{MN07,
 author = {Moran, Tal and Naor, Moni},
 title = {Split-ballot voting: everlasting privacy with distributed trust},
 booktitle = {CCS '07: Proceedings of the 14th ACM conference on Computer and communications security},
 year = {2007},
 isbn = {978-1-59593-703-2},
 pages = {246--255},
 location = {Alexandria, Virginia, USA},
 publisher = {ACM},
 address = {New York, NY, USA},
 }

@inproceedings{SDW08,
 author = {Sandler, Daniel and Derr, Kyle and Wallach, Dan S.},
 title = {Vote{B}ox: a tamper-evident, verifiable electronic voting system},
 booktitle = {SS'08: Proceedings of the 17th conference on Security symposium},
 year = {2008},
 pages = {349--364},
 location = {San Jose, CA},
 publisher = {USENIX Association},
 address = {Berkeley, CA, USA},
 }

@article{L04,
 author = {Thomas W. Lauer},
 title = {The risk of e-voting},
 journal = {Electronic Journal of e-Government},
 year = {2004},
 volume = {2},
 pages = {177--186}
}

@article{LHC03,
 author = {Lin, Iuon-Chang and Hwang, Min-Shiang and Chang, Chin-Chen},
 title = {Security enhancement for anonymous secure e-voting over a network},
 journal = {Comput. Stand. Interfaces},
 volume = {25},
 number = {2},
 year = {2003},
 issn = {0920-5489},
 pages = {131--139},
 publisher = {Elsevier Science Publishers B. V.},
 address = {Amsterdam, The Netherlands, The Netherlands},
 }
 
 @inproceedings{O09,
 title = {E-Voting System Security Optimization},
 author = {Barbara Ondrisek},
 booktitle = {HICSS '09: Proceedings of the 42nd Hawaii International Conference on System Sciences},
 year = {2009},
 isbn = {978-0-7695-3450-3},
 pages = {1--8},
 publisher = {IEEE Computer Society},
 address = {Washington, DC, USA},
 }

@article{BW07,
 author = {Bishop, Matt and Wagner, David},
 title = {Risks of e-voting},
 journal = {Commun. ACM},
 volume = {50},
 number = {11},
 year = {2007},
 issn = {0001-0782},
 pages = {120--120},
 publisher = {ACM},
 address = {New York, NY, USA},
 }
 
 @article{AK05,
 author = {Altman, Micah and Klass, Gary M.},
 title = {Current Research in Voting, Elections, and Technology},
 journal = {Soc. Sci. Comput. Rev.},
 volume = {23},
 number = {3},
 year = {2005},
 issn = {0894-4393},
 pages = {269--273},
 publisher = {Sage Publications, Inc.},
 address = {Thousand Oaks, CA, USA},
 }

@article{B08,
 author = {Beroggi, Giampiero E. G.},
 title = {Secure and Easy Internet Voting},
 journal = {Computer},
 volume = {41},
 number = {2},
 year = {2008},
 issn = {0018-9162},
 pages = {52--56},
 publisher = {IEEE Computer Society Press},
 address = {Los Alamitos, CA, USA},
 }
 
 @article{EP04,
 author = {Evans, David and Paul, Nathanael},
 title = {Election Security: Perception and Reality},
 journal = {IEEE Security and Privacy},
 volume = {2},
 number = {1},
 year = {2004},
 issn = {1540-7993},
 pages = {24--31},
 publisher = {IEEE Educational Activities Department},
 address = {Piscataway, NJ, USA},
 }

@article{SCM08,
 author = {Santin, Altair O. and Costa, Regivaldo G. and Maziero, Carlos A.},
 title = {A Three-Ballot-Based Secure Electronic Voting System},
 journal = {IEEE Security and Privacy},
 volume = {6},
 number = {3},
 year = {2008},
 issn = {1540-7993},
 pages = {14--21},
 publisher = {IEEE Educational Activities Department},
 address = {Piscataway, NJ, USA},
 }
 
 @inproceedings{XM04,
 author = {Xenakis, Alexandros and Macintosh, Ann},
 title = {Procedural security analysis of electronic voting},
 booktitle = {ICEC '04: Proceedings of the 6th international conference on Electronic commerce},
 year = {2004},
 isbn = {1-58113-930-6},
 pages = {541--546},
 location = {Delft, The Netherlands},
 publisher = {ACM},
 address = {New York, NY, USA},
 }

@inproceedings{MG06,
 author = {McGaley, Margaret and Gibson, J. Paul},
 title = {A critical analysis of the council of Europe recommendations on e-voting},
 booktitle = {EVT'06: Proceedings of the USENIX/Accurate Electronic Voting Technology Workshop 2006 on Electronic Voting Technology Workshop},
 year = {2006},
 pages = {9--9},
 location = {Vancouver, B.C., Canada},
 publisher = {USENIX Association},
 address = {Berkeley, CA, USA},
 }

@inproceedings{MSNSP08,
 author = {Manolopoulos, Christos and Sofotassios, Dimitris and Nakou, Polyxeni and Stamatiou, Yannis and Panagiotaki, Anastasia and Spirakis,, Paul},
 title = {A step-wise refinement approach for enhancing e-voting acceptance},
 booktitle = {ICEGOV '08: Proceedings of the 2nd International Conference on Theory and Practice of Electronic Governance},
 year = {2008},
 isbn = {978-1-60558-386-0},
 pages = {275--280},
 location = {Cairo, Egypt},
 publisher = {ACM},
 address = {New York, NY, USA},
 }

@article{ROG07,
 author = {Rodriguez-Henriquez, F. and Ortiz-Arroyo, Daniel and Garcia-Zamora, Claudia},
 title = {Yet another improvement over the Mu-Varadharajan e-voting protocol},
 journal = {Comput. Stand. Interfaces},
 volume = {29},
 number = {4},
 year = {2007},
 issn = {0920-5489},
 pages = {471--480},
 publisher = {Elsevier Science Publishers B. V.},
 address = {Amsterdam, The Netherlands, The Netherlands},
 }

@inproceedings{RLP05,
 author = {Rossler, Thomas and Leitold, Herbert and Posch, Reinhard},
 title = {E-Voting: A Scalable Approach using {XML} and Hardware Security Modules},
 booktitle = {EEE '05: Proceedings of the 2005 IEEE International Conference on e-Technology, e-Commerce and e-Service (EEE'05) on e-Technology, e-Commerce and e-Service},
 year = {2005},
 isbn = {0-7695-2274-2},
 pages = {480--485},
 publisher = {IEEE Computer Society},
 address = {Washington, DC, USA},
 }

@inproceedings{KH04,
 author = {Ku, Wei-Chi and Ho, Chun-Ming},
 title = {An e-Voting Scheme against Bribe and Coercion},
 booktitle = {EEE '04: Proceedings of the 2004 IEEE International Conference on e-Technology, e-Commerce and e-Service (EEE'04)},
 year = {2004},
 isbn = {0-7695-2073-1},
 pages = {113--116},
 publisher = {IEEE Computer Society},
 address = {Washington, DC, USA},
 }
 
 @inproceedings{CD07,
 author = {Cetinkaya, Orhan and Doganaksoy, Ali},
 title = {A Practical Verifiable e-Voting Protocol for Large Scale Elections over a Network},
 booktitle = {ARES '07: Proceedings of the The Second International Conference on Availability, Reliability and Security},
 year = {2007},
 isbn = {0-7695-2775-2},
 pages = {432--442},
 publisher = {IEEE Computer Society},
 address = {Washington, DC, USA},
 }
 
 @inproceedings{XM05,
 author = {Xenakis, Alexandros and Macintosh, Ann},
 title = {Procedural Security and Social Acceptance in E-Voting},
 booktitle = {HICSS '05: Proceedings of the Proceedings of the 38th Annual Hawaii International Conference on System Sciences (HICSS'05) - Track 5},
 year = {2005},
 isbn = {0-7695-2268-8-5},
 pages = {118.1},
 publisher = {IEEE Computer Society},
 address = {Washington, DC, USA},
 }
 
 @inproceedings{R05,
 author = {Ryan, Peter},
 title = {Prospects for E-Voting},
 booktitle = {COMPSAC '05: Proceedings of the 29th Annual International Computer Software and Applications Conference},
 year = {2005},
 isbn = {0-7695-2413-3-01},
 pages = {501},
 publisher = {IEEE Computer Society},
 address = {Washington, DC, USA},
 }

@inproceedings{MV98,
 author = {Mu, Y. and Varadharajan, V.},
 title = {Anonymous Secure E-Voting Over a Network},
 booktitle = {ACSAC '98: Proceedings of the 14th Annual Computer Security Applications Conference},
 year = {1998},
 isbn = {0-8186-8789-4},
 pages = {293},
 publisher = {IEEE Computer Society},
 address = {Washington, DC, USA},
 }


 
 @inproceedings{LMC08,
 author = {Lambrinoudakis, C. and Magkos, E. and Chrissikopoulos, V.},
 title = {Electronic Voting Systems},
 booktitle = {(Chapter): J. Lopez, S. Furnell, A. Patel, S. Katsikas, (Ed.), "Securing Information and Communication Systems: Principles, Technologies and Applications".},
 year = {2008},
 pages = {307-323},
 publisher = { Artech House Publishers, Computer Security Series},
 }

 
 @article{GSHU08,
 author = {Goirizelaia, I\,{n}aki and Selker, Ted and Huarte, Maider and Unzilla,, Juanjo},
 title = {An Optical Scan E-Voting System based on {N}-Version Programming},
 journal = {IEEE Security and Privacy},
 volume = {6},
 number = {3},
 year = {2008},
 issn = {1540-7993},
 pages = {47--53},
 publisher = {IEEE Educational Activities Department},
 address = {Piscataway, NJ, USA},
 }

@inproceedings{K08,
 author = {Kang, Baoyuan},
 title = {Cryptanalysis on an E-voting Scheme over Computer Network},
 booktitle = {CSSE '08: Proceedings of the 2008 International Conference on Computer Science and Software Engineering},
 year = {2008},
 isbn = {978-0-7695-3336-0},
 pages = {826--829},
 publisher = {IEEE Computer Society},
 address = {Washington, DC, USA},
 }

@article{F07,
 author = {David Frith},
 title = {E-voting security: hope or hype?},
 journal = {Network Security},
 volume = {11},
 year = {2007},
 pages = {14--16},
 publisher = {Elsevier},
 }

@article{BBG07,
 author = {Barr, Earl and Bishop, Matt and Gondree, Mark},
 title = {Fixing federal e-voting standards},
 journal = {Commun. ACM},
 volume = {50},
 number = {3},
 year = {2007},
 issn = {0001-0782},
 pages = {19--24},
 publisher = {ACM},
 address = {New York, NY, USA},
 }

%countering MITMAs

%cryptographic techniques

@article{OHB08,
author = {Rolf Oppliger and Ralf Hauser and David Basin},
title = {{SSL}/{TLS} Session-Aware User Authentication},
journal ={Computer},
volume = {41},
number = {3},
issn = {0018-9162},
year = {2008},
pages = {59-65},
publisher = {IEEE Computer Society},
address = {Los Alamitos, CA, USA},
}

@article{RS84,
 author = {Rivest, Ronald L. and Shamir, Adi},
 title = {How to expose an eavesdropper},
 journal = {Commun. ACM},
 volume = {27},
 number = {4},
 year = {1984},
 issn = {0001-0782},
 pages = {393--394},
 publisher = {ACM},
 address = {New York, NY, USA},
 }
 
 @article{BM94,
 author = {Bellovin, S.M.and Merritt, M},
 title = {An attack on the Interlock Protocol when used for authentication},
 journal = {IEEE Transactions on Information Theory},
 volume = {40},
 year = {1994},
 pages = {273--275},
 publisher = {IEEE},
 address = {USA},
 }

@TECHREPORT{ANN02,
    author = {N. Asokan and Valtteri Niemi and Kaisa Nyberg},
    title = {Man-in-the-middle in tunneled authentication protocols},
    institution = {In 11th Security Protocols Workshop},
    year = {2002}
}

@TECHREPORT{R06,
    author = {RSA Security},
    title = {Enhancing One-Time Passwords for Protection against Real-Time Phishing Attacks},
    institution = {Technology backgrounder},
    year = {2006}
}

@inproceedings{PKP06,
 author = {Bryan Parno, Cynthia Kuo and Adrian Perrig},
 title = {Phoolproof Phishing Prevention},
 booktitle = { Proc. Financial Cryptography and Data Security},
 year = {2006},
 isbn = {978-3-540-46255-2},
 pages = {1--19},
 publisher = {Springer Berlin / Heidelberg}
 }
 
@phdthesis{K02,
  author = {Katz, Jonathan},
  title = {Efficient Cryptographic Protocols Preventing ``Man-in-the-Middle'' Attacks},
  year = {2002},
  isbn = {0-493-50927-5},
  School="Columbia University",
  Address="New York",
  Note = {Publication number AAT3037726},
}
 
 %network features

@inproceedings{WKHHBB08,
 author = {Weigold, Thomas and Kramp, Thorsten and Hermann, Reto and H\"{o}ring, Frank and Buhler, Peter and Baentsch, Michael},
 title = {The Zurich Trusted Information Channel --- An Efficient Defence Against {M}an-in-the-{M}iddle and Malicious Software Attacks},
 booktitle = {Trust '08: Proceedings of the 1st international conference on Trusted Computing and Trust in Information Technologies},
 year = {2008},
 isbn = {978-3-540-68978-2},
 pages = {75--91},
 location = {Villach, Austria},
 publisher = {Springer-Verlag},
 address = {Berlin, Heidelberg},
 }
 
 @INPROCEEDINGS{AS03,
    author = {Ammar Alkassar and Christian Stble},
    title = {Secure object identification - or: Solving the chess grandmaster problem},
    booktitle = {Proceedings of the 2003 Workshop on New Security Paradigms},
    year = {2003},
    pages = {77--85},
    publisher = {ACM Press}
}
 
 %software utilities
 
  @inproceedings{XB05,
 author = {Xia, Haidong and Brustoloni, Jos\'{e} Carlos},
 title = {Hardening Web browsers against man-in-the-middle and eavesdropping attacks},
 booktitle = {WWW '05: Proceedings of the 14th international conference on World Wide Web},
 year = {2005},
 isbn = {1-59593-046-9},
 pages = {489--498},
 location = {Chiba, Japan},
 publisher = {ACM},
 address = {New York, NY, USA},
 }

%
%Using jigsaw puzzle based secret keys to avoid MITM attacks
%
@inproceedings{FC08b,
 author = {En-Jung Farn and Chaur-Chin Chen},
 title = {A jigsaw puzzle based secret key exchange scheme},
 booktitle = {Proceedings of the 2008 International Conference on Machine Learning and Cybernetics},
 year = {2008},
 isbn = {978-1-4244-2095-7},
 pages = {3067--3071},
 location = {Kunming},
 publisher = {IEEE},
 }
 
%trusted hardware

@inproceedings{SL01,
 author = {D. N. Serpano and R. J. Lipton},
 title = {Defense Against Man-in-the-Middle Attack in Client-Server Systems},
 booktitle = {ISCC '01: Proceedings of the Sixth IEEE Symposium on Computers and Communications},
 year = {2001},
 pages = {9},
 publisher = {IEEE Computer Society},
 address = {Washington, DC, USA},
 }

%end

@inproceedings{TXP08,
 author = {Tian, Zhaofu and Xu, Ningning and Peng, Wuliang},
 title = {E-Commerce Security: A Technical Survey},
 booktitle = {IITA '08: Proceedings of the 2008 Second International Symposium on Intelligent Information Technology Application},
 year = {2008},
 isbn = {978-0-7695-3497-8},
 pages = {956--960},
 publisher = {IEEE Computer Society},
 address = {Washington, DC, USA},
 }


@inproceedings{MW04,
 author = {Meyer, Ulrike and Wetzel, Susanne},
 title = {A man-in-the-middle attack on {UMTS}},
 booktitle = {WiSe '04: Proceedings of the 3rd ACM workshop on Wireless security},
 year = {2004},
 isbn = {1-58113-925-X},
 pages = {90--97},
 location = {Philadelphia, PA, USA},
 publisher = {ACM},
 address = {New York, NY, USA},
 }

%
%This patent watermarks transaction with a captcha generated from the
%secure device identifier.
%
@Misc{SS07,
title     = "Secure online transactions using a captcha image as a
watermark",
HowPublished= "US Patent 7200576",
author    = "Steeves, David J. and Snyder, Mwende Window",
year      = "2007",
month     = apr,
url       = "http://www.freepatentsonline.com/7200576.html"
}

@article{ABL04,
author = {Luis von Ahn and Manuel Blum and John Langford},
title = {Telling humans and computers apart automatically},
journal = cacm,
volume = {47},
number = {2},
year = {2004},
month = feb,
issn = {0001-0782},
pages = {56--60},
publisher = {ACM},
address = {New York, NY, USA},
}

@article{GD05,
author = {Philippe Golle and Nicolas Ducheneaut},
title = {Preventing bots from playing online games},
journal = {Comput. Entertain.},
volume = {3},
number = {3},
year = {2005},
issn = {1544-3574},
pages = {3--3},
publisher = {ACM},
address = {New York, NY, USA},
}

%
%Protect against spam
%
@article{SM07,
title={A New Anti-Spam Protocol Using {CAPTCHA}},
author={Shirali-Shahreza, S. and Movaghar, A.},
journal={Networking, Sensing and Control, 2007 IEEE International
Conference on},
year={15-17 April 2007},
volume={},
number={},
pages={234-238},
keywords={Internet, protocols, security of dataInternet, antispam
protocol, completely automatic public turing test to tell computer and
humans apart, mail server security, simple authentication and security
layer, users authentication},
ISSN={}, }

%
%Althoug traditional text-based captchas are not suitable for users with
%visual impairments, alternatives have been propose
%
@inproceedings{HLFD07,
author = {Jonathan Holman and Jonathan Lazar and Jinjuan Heidi Feng
and John D'Arcy},
title = {Developing usable {CAPTCHA}s for blind users},
booktitle = {Assets '07: Proceedings of the 9th international ACM
SIGACCESS conference on Computers and accessibility},
year = {2007},
isbn = {978-1-59593-573-1},
pages = {245--246},
location = {Tempe, Arizona, USA},
publisher = {ACM},
address = {New York, NY, USA},
}

%
%and have been broken
%
@ARTICLE{MM03,
title={Recognizing objects in adversarial clutter: breaking a visual {CAPTCHA}},
author={Mori, G. and Malik, J.},
journal={Computer Vision and Pattern Recognition, 2003. Proceedings.
2003 IEEE Computer Society Conference on},
year={18-20 June 2003},
volume={1},
number={},
pages={ I-134-I-141 vol.1},
keywords={ clutter, image matching, object recognition, optical
character recognition Completely Automated Public Turing test to Tell
Computers and Humans Apart, EZ-Gimpy image, Gimpy image, Yahoo,
adversarial clutter, computer program, dictionary, grade test
generation, object recognition, shape context matching, visual CAPTCHA,
word identification, word recognition},
doi={},
ISSN={1063-6919 }, }

@InProceedings{WAP08,
 author =  {Dan Wendlandt and David G. Andersen and Adrian Perrig},
 title =   {Perspectives: Improving {SSH}-style Host Authentication with
 Multi-Path Probing },
 booktitle = {Proceedings of the USENIX Annual Technical Conference
(Usenix ATC)},
 year =      2008,
 month =     jun,
}

@inproceedings{SGJ07,
 author = {Schluessler, Travis and Goglin, Stephen and Johnson, Erik},
 title = {Is a bot at the controls?: Detecting input data attacks},
 booktitle = {NetGames '07: Proceedings of the 6th ACM SIGCOMM workshop on Network and system support for games},
 year = {2007},
 isbn = {978-0-9804460-0-5},
 pages = {1--6},
 location = {Melbourne, Australia},
 publisher = {ACM},
 address = {New York, NY, USA},
 }

@inproceedings{DC08,
 author = {Daher, Waseem and Canetti, Ran},
 title = {{POSH}: a generalized captcha with security applications},
 booktitle = {AISec '08: Proceedings of the 1st ACM workshop on Workshop on AISec},
 year = {2008},
 isbn = {978-1-60558-291-7},
 pages = {1--10},
 location = {Alexandria, Virginia, USA},
 publisher = {ACM},
 address = {New York, NY, USA},
 }

%
%clickable CAPTCHAS
%
@inproceedings{CGJWW08,
 author = {Chow, Richard and Golle, Philippe and Jakobsson, Markus and Wang, Lusha and Wang, XiaoFeng},
 title = {Making {CAPTCHA}s clickable},
 booktitle = {HotMobile '08: Proceedings of the 9th workshop on Mobile computing systems and applications},
 year = {2008},
 isbn = {978-1-60558-118-7},
 pages = {91--94},
 location = {Napa Valley, California},
 publisher = {ACM},
 address = {New York, NY, USA},
 }

@inproceedings{NAH05,
 author = {Nilsson, Maria and Adams, Anne and Herd, Simon},
 title = {Building security and trust in online banking},
 booktitle = {CHI '05: CHI '05 extended abstracts on Human factors in computing systems},
 year = {2005},
 isbn = {1-59593-002-7},
 pages = {1701--1704},
 location = {Portland, OR, USA},
 publisher = {ACM},
 address = {New York, NY, USA},
 }

@article{PK05,
 author = {Pope, Clark and Kaur, Khushpreet},
 title = {Is It Human or Computer? Defending E-Commerce with Captchas},
 journal = {IT Professional},
 volume = {7},
 number = {2},
 year = {2005},
 issn = {1520-9202},
 pages = {43--49},
 publisher = {IEEE Educational Activities Department},
 address = {Piscataway, NJ, USA},
 }

@inproceedings{YE08,
 author = {Yan, Jeff and El Ahmad, Ahmad Salah},
 title = {A low-cost attack on a Microsoft {CAPTCHA}},
 booktitle = {CCS '08: Proceedings of the 15th ACM conference on Computer and communications security},
 year = {2008},
 isbn = {978-1-59593-810-7},
 pages = {543--554},
 location = {Alexandria, Virginia, USA},
 publisher = {ACM},
 address = {New York, NY, USA},
 }

@inproceedings{G08,
 author = {Golle, Philippe},
 title = {Machine learning attacks against the Asirra {CAPTCHA}},
 booktitle = {CCS '08: Proceedings of the 15th ACM conference on Computer and communications security},
 year = {2008},
 isbn = {978-1-59593-810-7},
 pages = {535--542},
 location = {Alexandria, Virginia, USA},
 publisher = {ACM},
 address = {New York, NY, USA},
 }
 
 
 @inproceedings{S07,
 author = {Snyder, Robin M.},
 title = {Security programming using Python: {M}an-in-the-{M}iddle attacks},
 booktitle = {InfoSecCD '07: Proceedings of the 4th annual conference on Information security curriculum development},
 year = {2007},
 isbn = {978-1-59593-909-8},
 pages = {1--6},
 location = {Kennesaw, Georgia},
 publisher = {ACM},
 address = {New York, NY, USA},
 }

@inproceedings{OOV08,
 author = {Ouafi, Khaled and Overbeck, Raphael and Vaudenay, Serge},
 title = {On the Security of {HB}\# against a {M}an-in-the-{M}iddle Attack},
 booktitle = {ASIACRYPT '08: Proceedings of the 14th International Conference on the Theory and Application of Cryptology and Information Security},
 year = {2008},
 isbn = {978-3-540-89254-0},
 pages = {108--124},
 location = {Melbourne, Australia},
 publisher = {Springer-Verlag},
 address = {Berlin, Heidelberg},
 }

@inproceedings{HJSP08,
 author = {Hwang, Hyunuk and Jung, Gyeok and Sohn, Kiwook and Park, Sangseo},
 title = {A Study on {MITM} ({M}an-in-the-{M}iddle) Vulnerability in Wireless Network Using 802.1X and {EAP}},
 booktitle = {ICISS '08: Proceedings of the 2008 International Conference on Information Science and Security},
 year = {2008},
 isbn = {0-7695-3080-X},
 pages = {164--170},
 publisher = {IEEE Computer Society},
 address = {Washington, DC, USA},
 }

@article{LB07,
 author = {Luettmann, Bjoern M. and Bender, Adam C.},
 title = {{M}an-in-the-{M}iddle attacks on auto-updating software},
 journal = {Bell Lab. Tech. J.},
 volume = {12},
 number = {3},
 year = {2007},
 issn = {1089-7089},
 pages = {131--138},
 publisher = {John Wiley and Sons Ltd.},
 address = {Chichester, UK, UK},
 }

@article{CJSTW08,
 author = {Cervesato, Iliano and Jaggard, Aaron D. and Scedrov, Andre and Tsay, Joe-Kai and Walstad, Christopher},
 title = {Breaking and fixing public-key {K}erberos},
 journal = {Inf. Comput.},
 volume = {206},
 number = {2-4},
 year = {2008},
 issn = {0890-5401},
 pages = {402--424},
 publisher = {Academic Press, Inc.},
 address = {Duluth, MN, USA},
 }

  
@article{ HGH08,
author = {Abram Hindle and Michael W. Godfrey and Richard C. Holt},
title = {Reverse Engineering {CAPTCHA}s},
journal ={Reverse Engineering, Working Conference on},
volume = {0},
year = {2008},
issn = {1095-1350},
pages = {59-68},
publisher = {IEEE Computer Society},
address = {Los Alamitos, CA, USA},
}


@book{PD10,
  title={Statistics: The Exploration \& Analysis of Data},
  author={Peck, R. and Devore, J.L.},
  isbn={9780840058010},
  lccn={2010937362},
  series={Available Titles Aplia Series},
  year={2010},
  publisher={Brooks/Cole, Cengage Learning}
}

 %
 %First paper on CAPTCHAs
 %
 @INPROCEEDINGS{ABL03,
    author = {Luis Von Ahn and Manuel Blum and John Langford},
    title = {{CAPTCHA}: Using Hard AI Problems For Security},
    booktitle = {In Proceedings of Eurocrypt},
    year = {2003},
    pages = {294--311},
    publisher = {Springer-Verlag}

}

@inproceedings{JY07,
 author = {Jiang, Hua and Yang, Jing},
 title = {On-line payment and security of e-commerce},
 booktitle = {CEA'07: Proceedings of the 2007 annual Conference on International Conference on Computer Engineering and Applications},
 year = {2007},
 isbn = {978-960-8457-58-4},
 pages = {545--550},
 location = {Gold Coast, Queensland, Australia},
 publisher = {World Scientific and Engineering Academy and Society (WSEAS)},
 address = {Stevens Point, Wisconsin, USA},
 }
 
 @techreport{DR05,
 author = {Darshanand Khusial and Ross McKegney},
 title = {e-Commerce security: Attacks and preventive strategies},
 institution = {IBM Toronto, Canada},
 year = {2005},
 month = {April}
 }

@article{BC06,
  author = {Barr, Jeff and Cabrera, Luis Felipe},
  title = {{AI} Gets a Brain},
  journal = {Queue},
  volume = {4},
  number = {4},
  year = {2006},
  issn = {1542-7730},
  pages = {24--29},
  publisher = {ACM},
  address = {New York, NY, USA}
}

@article{Bra08,
  author = {Brabham, Daren  C. },
  journal = {Convergence},
  month = feb,
  number = {1},
  pages = {75--90},
  title = {Crowdsourcing as a Model for Problem Solving: An Introduction and Cases},
  volume = {14},
  year = {2008}
}

@article{CCR09,
 author = {Callegati, Franco and Cerroni, Walter and Ramilli, Marco},
 title = {{M}an-in-the-{M}iddle Attack to the {HTTPS} Protocol},
 journal = {IEEE Security and Privacy},
 volume = {7},
 number = {1},
 year = {2009},
 issn = {1540-7993},
 pages = {78--81},
 publisher = {IEEE Educational Activities Department},
 address = {Piscataway, NJ, USA},
 }

@inproceedings{SSL12,
 author = {Shahzad, Muhammad and Shafiq, Muhammad Zubair and Liu, Alex X.},
 title = {A large scale exploratory analysis of software vulnerability life cycles},
 booktitle = {Proceedings of the 2012 International Conference on Software Engineering},
 series = {ICSE 2012},
 year = {2012},
 isbn = {978-1-4673-1067-3},
 location = {Zurich, Switzerland},
 pages = {771--781},
 numpages = {11},
 publisher = {IEEE Press},
 address = {Piscataway, NJ, USA},
}

@inproceedings{SBK11,
 author = {Scholte, Theodoor and Balzarotti, Davide and Kirda, Engin},
 title = {Quo {V}adis? A Study of the Evolution of Input Validation Vulnerabilities in Web Applications},
 booktitle = {Proceedings of the 15th International Conference on Financial Cryptography and Data Security},
 series = {FC'11},
 year = {2012},
 isbn = {978-3-642-27575-3},
 location = {Gros Islet, St. Lucia},
 pages = {284--298},
 numpages = {15},
 publisher = {Springer-Verlag},
 address = {Berlin, Heidelberg},
} 

@inproceedings{BNPSS11,
 author = {Bugiel, Sven and N\"{u}rnberger, Stefan and P\"{o}ppelmann, Thomas and Sadeghi, Ahmad-Reza and Schneider, Thomas},
 title = {Amazon{IA}: when elasticity snaps back},
 booktitle = {Proceedings of the 18th ACM conference on Computer and communications security},
 series = {CCS '11},
 year = {2011},
 isbn = {978-1-4503-0948-6},
 location = {Chicago, Illinois, USA},
 pages = {389--400},
 numpages = {12},
 publisher = {ACM},
 address = {New York, NY, USA},
 keywords = {app store, attacks, awareness, cloud computing, privacy, secure shell, virtual machine images},
}

@inproceedings{BZBKL12,
  author = {Balduzzi, Marco and Zaddach, Jonas and Balzarotti, Davide and Kirda, Engin and Loureiro, Sergio},
  title = {A security analysis of amazon's elastic compute cloud service},
  booktitle = {Proceedings of the 27th Annual ACM Symposium on Applied Computing},
  series = {SAC '12},
  year = {2012},
  isbn = {978-1-4503-0857-1},
  location = {Trento, Italy},
  pages = {1427--1434},
  numpages = {8},
  publisher = {ACM},
  address = {New York, NY, USA},
}

@article{R97,
 author = {Raggett, David},
 title = {Client-side scripting and {HTML}},
 journal = {World Wide Web J.},
 volume = {2},
 issue = {2},
 month = {April},
 year = {1997},
 issn = {1085-2301},
 pages = {29--37},
 numpages = {9},
 publisher = {O'Reilly \& Associates, Inc.},
 address = {Sebastopol, CA, USA},
} 

 @inproceedings{DG09,
 author = {Dhawan, Mohan and Ganapathy, Vinod},
 title = {Analyzing Information Flow in {J}ava{S}cript-Based Browser Extensions},
 booktitle = {Proceedings of the 2009 Annual Computer Security Applications Conference},
 series = {ACSAC '09},
 year = {2009},
 isbn = {978-0-7695-3919-5},
 pages = {382--391},
 numpages = {10},
 publisher = {IEEE Computer Society},
 address = {Washington, DC, USA},
} 
 
@inproceedings{T08,
 author = {Takesue, Masaru},
 title = {A Protection Scheme against the Attacks Deployed by Hiding the Violation of the Same Origin Policy},
 booktitle = {Proceedings of the 2008 Second International Conference on Emerging Security Information, Systems and Technologies},
 year = {2008},
 isbn = {978-0-7695-3329-2},
 pages = {133--138},
 numpages = {6},
 publisher = {IEEE Computer Society},
 address = {Washington, DC, USA},
}

@article{GAW03,
  author    = {Daniel E. Geer Jr. and David Aucsmith and James A. Whittaker},
  title     = {Monoculture},
  journal   = {IEEE Security and Privacy},
  volume    = {1},
  number    = {6},
  year      = {2003},
  pages     = {14-19},
}


@article{BS09,
  author = {Birman, Kenneth P. and Schneider, Fred B.},
  title = {The Monoculture Risk Put into Context.},
  journal = {IEEE Security and Privacy},
  number = 1,
  pages = {14-17},
  volume = 7,
  year = 2009
}

@article{SPVKSM10,
 author = {Stamos, Konstantinos and Pallis, George and Vakali, Athena and Katsaros, Dimitrios and Sidiropoulos, Antonis and Manolopoulos, Yannis},
 title = {{CDN}sim: A simulation tool for content distribution networks},
 journal = {ACM Trans. Model. Comput. Simul.},
 issue_date = {April 2010},
 volume = {20},
 number = {2},
 month = may,
 year = {2010},
 issn = {1049-3301},
 pages = {10:1--10:40},
 articleno = {10},
 numpages = {40},
 publisher = {ACM},
 address = {New York, NY, USA},
 keywords = {Content distribution network, caching, services, trace-driven simulation},
}

@book{F13,
 author = {Franklin, Jack},
 title = {Beginning j{Q}uery},
 year = {2013},
 isbn = {1430249323, 9781430249320},
 edition = {1st},
 publisher = {Apress},
 address = {Berkely, CA, USA},
} 


@inproceedings{SR06,
 author = {Sufatrio and Yap, Roland H. C.},
 title = {Improving Host-based {IDS} with Argument Abstraction to Prevent Mimicry Attacks},
 booktitle = {Proceedings of the 8th International Conference on Recent Advances in Intrusion Detection},
 series = {RAID'05},
 year = {2006},
 isbn = {3-540-31778-3, 978-3-540-31778-4},
 location = {Seattle, WA},
 pages = {146--164},
 numpages = {19},
 publisher = {Springer-Verlag},
 address = {Berlin, Heidelberg},
} 


@article{A06,
 author = {Aucsmith, D.},
 title = {Monocultures Are Hard to Find in Practice},
 journal = {IEEE Security and Privacy},
 issue_date = {November 2003},
 volume = {1},
 number = {6},
 month = nov,
 year = {2006},
 issn = {1540-7993},
 pages = {15--16},
 numpages = {2},
 publisher = {IEEE Educational Activities Department},
 address = {Piscataway, NJ, USA},
}

@article{MV08,
 author = {Mesbah, Ali and van Deursen, Arie},
 title = {A Component-and Push-based Architectural Style for {A}jax Applications},
 journal = {J. Syst. Softw.},
 issue_date = {December, 2008},
 volume = {81},
 number = {12},
 month = dec,
 year = {2008},
 issn = {0164-1212},
 pages = {2194--2209},
 numpages = {16},
 publisher = {Elsevier Science Inc.},
 address = {New York, NY, USA},
 keywords = {Rich internet application, Single page interface, Web architectural style, Web engineering, ajax},
} 

@article{P07b,
 author = {Parnas, David Lorge},
 title = {Which is Riskier: {OS} Diversity or {OS} Monopoly?},
 journal = {Commun. ACM},
 issue_date = {August 2007},
 volume = {50},
 number = {8},
 month = aug,
 year = {2007},
 issn = {0001-0782},
 pages = {112--},
 publisher = {ACM},
 address = {New York, NY, USA},
} 

@article{YJP12,
 author = {Younan, Yves and Joosen, Wouter and Piessens, Frank},
 title = {Runtime Countermeasures for Code Injection Attacks Against {C} and {C}++ Programs},
 journal = {ACM Comput. Surv.},
 issue_date = {June 2012},
 volume = {44},
 number = {3},
 month = jun,
 year = {2012},
 issn = {0360-0300},
 pages = {17:1--17:28},
 articleno = {17},
 numpages = {28},
 publisher = {ACM},
 address = {New York, NY, USA},
 keywords = {C, C++, Code injection, countermeasures},
} 

@article{JM07,
  author = {Jeffries, Ron and Melnik, Grigori  },
  journal = {IEEE Software},
  number = {3},
  pages = {24--30},
  title = {Guest Editors' Introduction: {TDD}--The Art of Fearless Programming},
  volume = {24},
  month=may,
  year = {2007}
} 

@Article{BG98,
  Author="Kent Beck and Erich Gamma",
  Title="Test Infected: Programmers Love Writing Tests",
  Journal="Java Report",
  Volume=3,
  Number=7,
  Pages="37--50",
  Year=1998,
  Month=jul
}

@inproceedings{HJ08,
 author = {Hafiz, Munawar and Johnson, Ralph},
 title = {A Security Oriented Program Transformation to "Add on" Policies to Prevent Injection Attacks},
 booktitle = {Proceedings of the 2Nd Workshop on Refactoring Tools},
 series = {WRT '08},
 year = {2008},
 isbn = {978-1-60558-339-6},
 location = {Nashville, Tennessee},
 pages = {12:1--12:4},
 articleno = {12},
 numpages = {4},
 publisher = {ACM},
 address = {New York, NY, USA},
 keywords = {injection attack, input rectification policy, program transformation},
} 

@INPROCEEDINGS{GKP03,
    author = {Georg Gottlob and Christoph Koch and Reinhard Pichler and Technische Universitt Wien},
    title = {{XP}ath Query Evaluation: Improving Time and Space Efficiency},
    booktitle = {In Proceedings of the 19th IEEE International Conference on Data Engineering (ICDEÕ03)},
    year = {2003},
    pages = {379--390}
}

@inproceedings{SH09,
 author = {Stamat, Michael L. and Humphries, Jeffrey W.},
 title = {Training \(\neq\) education: putting secure software engineering back in the classroom},
 booktitle = {Proceedings of the 14th Western Canadian Conference on Computing Education},
 series = {WCCCE '09},
 year = {2009},
 isbn = {978-1-60558-415-7},
 location = {Burnaby, British Columbia, Canada},
 pages = {116--123},
 numpages = {8},
 publisher = {ACM},
 address = {New York, NY, USA},
 keywords = {computer science, design for security, security education, software development lifecycle, software engineering, software security},
}

